2251 3283
514 143 839 190 LIBER
911 142 1432 206 QUARTUS.
1792 167 1878 221 327

33 225 120 267 haec
136 221 365 268 Urbinatis
386 235 552 277 quoque
578 234 744 262 manum
761 253 770 270 ‚
805 222 848 261 ἃ
874 236 1019 262 eorum
1046 224 1394 277 aliquamolliora
1408 226 1711 281 sequebantur:
1746 232 1805 273 ita
1819 233 1870 273 ab
1883 251 1979 287 EtPa
2003 248 2074 286 hae-

34 281 123 331 ejus
147 279 349 331 penicillo
372 277 616 330 emergebat
640 275 715 316 flos
738 277 1089 330 pulchritudinis,
1133 279 1216 318 oris
1239 278 1444 329 venustas,
1488 283 1645 324 coloris
1667 287 1920 336 suavitas‚lj5
1935 259 2067 337 urana-

35 335 192 375 lumina
214 334 530 388 pigmentorum
546 358 560 378 ,
593 332 844 383 capillorum
861 333 1100 384 elegantia,
1133 333 1317 386 dignitas
1330 333 1500 374 vestium
1516 366 1528 384 ,
1561 350 1763 393 tantoque
1780 354 1932 393 par-tis,

36 390 141 430 tium
159 420 171 438 ,
216 393 258 430 δε
286 387 512 438 imaginum
537 386 758 440 splendore
780 400 1076 438 coagmentata
1100 389 1256 438 species
1279 389 1443 440 operis,
1476 403 1633 442 quanto
1647 395 1871 444 potiusde-

35 444 139 484 fixos
160 455 325 483 teneret
349 441 522 489 oculos,
553 454 676 494 quain
701 453 909 481 moveret.
956 441 1088 480 Porro
1114 442 1155 481 in
1180 443 1389 494 utriusque
1411 443 1561 483 tabulis
1584 459 1676 486 cum
1700 449 1869 500 quisque

34 499 200 538 videret
222 510 384 537 morum
408 496 657 536 varietatem
680 522 693 540 ‚
737 508 905 534 astatum
930 494 1214 536 diffenlionem
1232 527 1243 545 ,
1286 497 1468 550 impetus
1490 501 1639 540 animae
1664 502 1715 540 ab
1736 503 1871 542 oculis

36 554 293 599 emicantes,
325 551 455 591 illitas
478 552 594 590 vultu
610 550 889 603 cupiditates,
922 550 1031 599 iias,
1063 551 1257 591 dolores:
1293 553 1484 593 manibus
1501 565 1870 607 totoquecorpore

37 607 195 647 diffusas
216 606 364 658 agendi
392 605 655 654 voluntates,
689 603 901 644 fatebatur
927 605 968 644 in
996 619 1112 646 tanta
1134 605 1467 647 diffimilitudine
1490 608 1688 660 pingendi
1707 610 1809 649 nihil
1826 610 1874 650 fi-

37 662 179 702 milius
201 660 378 700 extitifi‘e
400 661 465 700 vel
489 661 540 700 ad
569 660 878 699 :rmulationem
897 672 1050 700 maturat¹
1067 691 1076 708 ‚
1109 661 1733 714 velconsequutionemgloriae.
1781 665 1874 704 Pin-

35 717 162 770 gebat
182 728 334 768 prseter
357 715 508 756 Palatii
536 715 717 768 parietes
733 715 925 766 ssapbael
943 715 1150 754 Sacellum
1175 716 1215 754 in
1231 715 1416 768 Templo
1430 717 1633 758 Paciferae
1652 719 1843 769 Virginis
1859 750 1868 767 ,
1887 723 2057 774 Raphizels's

35 771 86 812 ad
112 770 212 813 Divi
236 769 448 819 Augustini
466 801 475 816 ,
508 770 694 809 tabulam
721 767 1049 818 transfigurantis
1070 771 1107 808 se
1132 770 1283 809 Christi
1303 771 1506 821 Domini,
1537 785 1623 825 quoe
1644 772 1695 813 ad
1723 775 1777 815 D.
1798 773 1873 813 Pe-
1887 778 2038 826 Swztiz'pi-

35 827 88 865 tri
114 827 154 865 in
171 824 396 864 Montorio
411 823 576 865 visitur:
611 824 713 863 alias
727 822 812 864 alio
826 824 985 864 tabulas
1000 837 1209 876 tamquam
1226 825 1246 864 e
1259 825 1419 865 coelesti
1435 828 1730 879 promptuario
1745 859 1755 876 ‚
1790 841 1870 867 non
1885 826 1986 863 (luins.

36 880 117 921 fine
140 878 330 931 gentium
354 878 517 931 stupore
538 877 829 920 submittebat.
883 879 995 919 Tum
1023 892 1069 918 ex
1091 880 1284 920 humanis
1308 880 1471 920 sublato
1491 882 1603 934 Julio
1631 882 1870 922 recentibus

36 935 194 975 Leonis
213 934 273 975 X.
303 933 618 973 coenationibus
640 947 688 973 ac
711 932 962 985 porticibus,
997 946 1039 972 ut
1058 934 1312 986 splendidius
1327 935 1523 975 durarent
1540 968 1550 983 ,
1582 937 1734 976 stabilis
1750 937 1869 977 samse

33 989 256 1038 Daedalm,
288 990 450 1030 suorum
464 987 773 1038 perennitatem
789 1001 962 1041 operum
976 988 1245 1041 appingebat.
1292 989 1350 1029 Ea
1364 991 1764 1042 tempestateignom
1786 992 1871 1031 Ro.

36 1044 170 1085 manis
194 1044 383 1097 hypogea
397 1071 409 1090 ‚
454 1044 493 1081 δέ
522 1055 840 1083 concameratas
854 1046 1195 1095 cryptoporticus
1211 1043 1252 1083 in
1267 1044 1442 1097 antiquo
1458 1046 1549 1086 Tiri
1566 1046 1736 1086 Caesaris
1752 1047 1869 1087 Pala-

37 1100 123 1145 tio,
166 1111 213 1138 ac
230 1098 432 1139 Thermis
447 1097 726 1151 Esquiliarum
750 1096 951 1137 effoderat
974 1097 1091 1138 insita
1114 1098 1362 1138 mortalibus
1377 1100 1674 1153 pervestigandi
1693 1102 1873 1152 cupido3

33 1167 155 1209 quam
182 1154 315 1194 latens
337 1166 480 1192 aurum
503 1151 722 1198 accendit,
756 1165 825 1191 aut
855 1151 878 1191 fi
903 1152 1002 1204 quid
1019 1152 1267 1193 artesaetum
1283 1184 1292 1201 ‚
1328 1155 1370 1192 δι’
1386 1167 1488 1195 auro
1501 1154 1717 1207 pretiosius
1731 1157 1870 1195 celant

32 1208 219 1249 custodes
243 1208 382 1248 ruinae.
430 1207 705 1259 Apparebant
729 1206 946 1260 parietinae
963 1206 1618 1258 plasticistoreumatisloricatae.
1663 1211 1868 1262 Haecpor-
1887 1214 2018 1265 Plafiica

33 1276 78 1302 ro
99 1263 286 1316 quamvis
310 1274 376 1301 t0t
391 1275 487 1301 ante
502 1261 647 1302 seculis
659 1261 816 1314 sepulta
832 1293 842 1311 ‚
876 1262 1010 1301 adhuc
1024 1275 1162 1301 tamen
1178 1275 1325 1315 vegeta
1342 1294 1353 1311 ‚
1390 1263 1611 1316 &integra
1626 1264 1870 1304 vetustatem
1887 1277 2059 1302 coreumata

31 1319 102 1358 sub
124 1331 256 1364 terra,
288 1316 395 1370 quasi
423 1315 444 1356 ὲ
466 1329 560 1356 tuto
587 1329 668 1355 non
693 1318 927 1356 senserant:
963 1318 1183 1357 Grottiscae
1200 1330 1428 1365 vocantur,
1461 1319 1624 1371 quodin
1639 1319 1796 1371 cryptis
1810 1328 2023 1358 re-veterum

33 1386 161 1426 pertae
186 1374 290 1412 sunt.
335 1371 466 1411 Erant
485 1371 525 1410 in
542 1371 771 1416 comitatu,
808 1371 848 1409 δε
866 1372 1149 1411 contubernio
1163 1372 1577 1424 Raphaelisplurimi
1595 1373 1760 1426 piCturae
1776 1387 1869 1414 can-
1887 1372 2044 1418 Quamo-

32 1427 193 1468 didati:
228 1440 331 1481 quos
354 1427 426 1466 ille
451 1439 532 1464 non
559 1425 689 1464 modo
709 1428 777 1478 spe
800 1426 900 1466 artis
921 1425 1207 1476 addiscendae,
1238 1426 1307 1466 sed
1332 1427 1867 1480 suaviffimismoribusale—
1886 1433 1966 1457 rum.

30 1482 130 1522 bat:
164 1482 358 1535 interque
383 1493 454 1520 eos
471 1481 650 1532 >Ioannes
668 1480 885 1521 Utinenfis
901 1511 912 1529 ‚
946 1479 1106 1530 juvenis
1123 1494 1343 1535 promptus
1362 1484 1403 1522 δέ
1419 1483 1535 1534 sagax
1550 1486 1564 1531 ‘‚
1598 1483 1874 1537 tradue'toque

31 1536 80 1576 ad
105 1536 291 1589 posteros
314 1549 426 1575 novo
451 1535 623 1586 plasticce
648 1534 826 1574 invento
852 1535 1115 1577 nobilitatus.
1160 1537 1199 1577 Is
1223 1537 1264 1575 in
1288 1548 1455 1589 cryptas
1469 1549 1562 1576 cum
1582 1537 1776 1591 magistro
1792 1538 1873 1578 fre-

30 1604 208 1645 quenter
220 1590 483 1637 ventitabat,
515 1602 767 1642 manumque
779 1590 1000 1642 plastarum
1016 1603 1202 1630 veterum
1218 1591 1545 1631 commendabat
1558 1591 1722 1633 assidue.
1762 1594 1873 1646 Jam-

30 1659 110 1700 que
137 1646 395 1698 prodigiosas
414 1644 506 1684 illas
520 1643 846 1683 semihominum
864 1673 876 1693 ‚
912 1644 1273 1698 monstrorumque
1291 1645 1440 1697 figuras
1455 1677 1466 1694 ‚
1501 1649 1542 1687 δε
1559 1646 1725 1686 habitus
1740 1647 1872 1686 rubri-

30 1714 78 1741 ca
104 1700 305 1740 retulerat
331 1698 678 1744 inmembranas3
712 1699 1014 1738 sedmateriam
1032 1729 1042 1746 ,
1075 1698 1154 1752 qua
1172 1698 1482 1749 formarentur,
1516 1701 1685 1741 odorari
1704 1714 1878 1754 nonpo-

31 1768 156 1796 terat.
202 1752 572 1794 Calciaddendum
585 1752 742 1807 aliquid
757 1753 984 1794 conflabat.
1026 1754 1221 1793 Sabulum
1235 1753 1450 1809 pulvisque
1463 1756 1874 1807 puteolanusruber²

35 1814 76 1851 ἅ·
93 1809 214 1862 paulo
230 1807 695 1858 craffiorrejiciebatnr.
736 1808 950 1848 Contudit
968 1808 1148 1860 lapidem
1168 1809 1446 1849 tiburtinum:
1481 1809 1643 1850 livebat
1657 1810 1762 1850 calci
1780 1824 1872 1863 per-

31 1865 185 1905 mixtus
202 1895 212 1911 ,
246 1877 320 1903 nec
347 1861 520 1916 figurata
543 1862 775 1914 levigabat.
823 1864 1052 1902 Marmoris
1068 1863 1224 1903 contusi
1241 1864 1463 1904 candidum
1478 1891 1490 1910 ,
1524 1865 1560 1906 ὃ(
1578 1865 1718 1904 cribro
1734 1879 1872 1905 exere·
1888 1873 2087 1909 Itszrmoratz‘

33 1933 121 1959 tum
148 1919 362 1972 pulverem
376 1931 586 1958 macerata
600 1931 692 1957 cum
706 1918 820 1958 calce
834 1918 1268 1970 subegitacmollivit.
1314 1920 1550 1959 Huncvero
1565 1920 2052 1973 sorinandolae-cwficicndi

33 1973 299 2025 vigantioque
322 1972 507 2012 habilem
531 1985 748 2024 expertus,
782 1971 1089 2024 deprehendit,
1123 1986 1205 2011 non
1229 1974 1357 2013 alium
1381 1973 1661 2014 intritaeusum
1676 1972 2022 2016 fuisseve-iczventio.

33 2022 192 2069 teribus
218 2027 381 2078 plastis,
413 2040 534 2078 quam
559 2039 800 2079 temporum
822 2026 987 2067 oblivio
1011 2040 1059 2066 ex
1081 2025 1261 2067 officinis
1285 2041 1537 2069 removerat.
1581 2031 1691 2070 Nam
1716 2029 1872 2070 adeam

35 2083 148 2123 diem
172 2083 351 2122 mixtura
379 2081 520 2121 nescio
542 2094 621 2135 qua
639 2081 659 2121 ὲ
674 2082 826 2135 gypso,
858 2081 973 2122 calce
988 2113 1001 2131 ‚
1033 2081 1127 2134 pice
1142 2113 1154 2130 ,
1188 2083 1231 2121 3:
1247 2096 1341 2123 cera
1356 2082 1538 2135 eliquata
1555 2114 1565 2132 ‚
1598 2084 1873 2138 contritoque

35 2138 245 2178 laterculo
281 2136 464 2189 parietes
497 2137 702 2176 leverant.
761 2136 858 2177 Hoc
879 2136 985 2176 tristi
1009 2148 1349 2189 temperamento
1371 2137 1644 2179 elaborabant
1670 2138 1872 2192 inaequale

35 2191 282 2237 tectorium,
314 2203 359 2231 ut
374 2191 458 2231 auri
473 2190 705 2231 braCteolas
718 2190 1112 2244 superinducerem.
1153 2191 1519 2245 Igiturreceptum
1535 2206 1679 2242 vetus,
1711 2206 1874 2246 germa-

33 2256 212 2300 numque
239 2246 286 2285 M
310 2249 342 2286 A
359 2246 397 2286 R
415 2246 517 2286 ΜΟ
536 2246 573 2285 R
591 2248 626 2286 A
645 2246 683 2285 T
702 2245 746 2287 U
763 2246 810 2286 M
833 2247 882 2286 ad
900 2245 1059 2285 Leonis
1082 2247 1269 2298 porticus
1280 2246 1420 2300 primo
1434 2247 1666 2289 traduGtum
1682 2249 1751 2290 est.
1794 2249 1843 2289 Id
1858 2280 1870 2299 ‚
1886 2263 2076 2300 anom,

36 2315 186 2354 praeter
212 2300 372 2349 tenias,
407 2303 448 2342 &
474 2300 720 2353 astragalos,
753 2300 948 2343 mutilata
971 2300 1143 2353 fislaque
1157 2302 1375 2341 hominum
1393 2333 1403 2349 ‚
1438 2302 1771 2343 &animantium
1785 2306 2067 2356 spe-tmntradm

34 2357 97 2397 cie
113 2355 331 2398 Utinensis
353 2355 572 2408 figuravit:
608 2354 873 2408 ejusdemque
894 2356 1315 2408 generismonstrosas
1329 2356 1485 2409 effigies
1499 2357 1668 2397 subinde
1683 2357 1867 2411 interpo-
1884 2365 2074 2416 &imprimo

34 2411 151 2457 sitas,
190 2410 329 2464 (quod
350 2408 588 2450 faciendum
606 2410 791 2450 Titianae
805 2424 959 2460 cryptae
972 2409 1204 2451 docuerant
1221 2426 1229 2452 :
1248 2414 1259 2456 )
1299 2424 1385 2450 tum
1402 2424 1474 2463 per
1489 2413 1870 2454 ramosarbuscula-
1885 2414 1927 2451 acl
1946 2418 2087 2453 Porticus

34 2479 123 2505 rum
149 2477 336 2505 errantes
358 2464 535 2512 Simas,
578 2465 941 2518 Cercopithecos,
984 2465 1200 2512 Pavones,
1243 2465 1467 2514 psittacos,
1499 2467 1678 2519 aliasque
1705 2469 1870 2508 Indicas
1885 2469 2008 2504 Leonis.

37 2534 133 2560 aves
150 2521 291 2569 idem,
322 2519 476 2573 aliique
502 2516 686 2559 artifices
710 2521 969 2560 coloraruut.
1013 2519 1222 2573 Equidem
1239 2520 1289 2560 de
1304 2521 1877 2562 veterismarmoratiinven-

37 2575 156 2615 tione
185 2575 296 2624 haec,
327 2575 423 2627 quia
444 2573 683 2614 referuntur
705 2575 754 2614 ab
778 2574 892 2625 aliis,
928 2573 1087 2615 referre
1112 2576 1243 2617 volui.
1297 2575 1490 2616 Sciebam
1516 2576 1627 2616 enim
1656 2576 1743 2627 ejus
1766 2577 1875 2630 apud

37 2629 283 2671 Vitruvium
305 2629 394 2669 fieri
417 2629 704 2677 mentionem,
738 2643 991 2683 quamquam
1015 2629 1238 2682 laevigandi
1255 2631 1395 2675 causa,
1430 2644 1511 2669 non
1529 2629 1760 2684 figurandi:
1796 2633 1873 2672 mi·
1887 2637 2080 2687 Lib.7.c.3.

35 2697 187 2737 rorque
210 2683 411 2724 traditam
435 2683 485 2722 ab
512 2683 742 2724 aedificandi
770 2684 963 2736 magistro
988 2684 1155 2724 teetorii
1177 2685 1388 2724 rationem
1416 2685 1573 2724 tamdiu
1599 2685 1873 2728 aedificatores
1889 2691 1986 2727 (ζ’-76.

36 2740 168 2779 latere
192 2735 382 2791 potuisse.
429 2737 587 2778 Adhaec
611 2738 652 2777 in
681 2738 993 2790 ruinis‘l'empli
1012 2738 1130 2779 Pacis
1147 2771 1157 2785 ‚
1190 2739 1356 2793 ejusque
1382 2737 1592 2779 fornicum
1615 2741 1726 2781 cavis
1741 2743 1874 2784 multa

38 2793 58 2833 ἐ
78 2806 335 2833 marmorato
350 2792 490 2832 caelata
508 2792 693 2831 visuntur
708 2824 718 2842 ‚
747 2792 767 2832 {t
782 2793 929 2847 quibus
943 2793 1054 2832 idem
1070 2793 1251 2834 artifices
1266 2794 1397 2833 modo
1411 2794 1679 2835 advertissent
1694 2827 1704 2843 ‚
1738 2798 1876 2850 expri-

32 2861 146 2887 mere
170 2861 381 2897 poterant.
433 2846 518 2886 ΜΕ
531 2847 932 2888 obstabantrudibus
945 2848 1090 2887 seculis
1107 2849 1214 2888 haud
1230 2849 1586 2902 melioraingenia
1607 2865 1615 2887 t
1652 2851 1715 2890 vel
1732 2852 1873 2903 potius

31 2902 178 2956 agendi
207 2904 400 2944 voluntas
424 2914 546 2942 antea
568 2901 775 2943 mercedis
791 2915 961 2956 expers,
993 2915 1115 2956 quam
1131 2917 1217 2944 tum
1236 2903 1467 2945 Pontifices
1484 2904 1694 2945 uberrime
1710 2905 1874 2958 ingere-

1754 2962 1869 3000 bant.
