2251 3283
325 116 412 183 346
815 111 937 159 DE
1009 109 1288 159 URBE
1361 108 1671 159 ROMA.

324 196 429 236 tudo
453 191 633 248 expressa
654 192 810 234 lunensi
833 191 1099 245 candidoque
1127 201 1366 239 marmore,
1398 191 1716 231 commendant.
1759 190 1863 232 Haec
1887 190 2009 232 illein
2028 192 2167 235 Urbe.

321 249 509 304 Ideoque
524 248 707 302 Populus
724 249 940 289 Romanus
954 247 1075 287 Sixto
1089 245 1236 285 dicatae
1250 245 1292 284 in
1308 244 1531 297 Capitolio
1544 246 1678 286 statuae
1691 245 1803 285 inter
1815 246 1897 287 alia
1909 246 2166 303 subscripsit:

325 306 416 347 OB
460 304 718 346 VRBEM
762 300 1184 344 AEDIFICIIS
1212 330 1223 349 ,
1266 298 1412 341 VIIS
1439 332 1450 349 ,
1501 300 2027 355 AQVAEDVCTV
2073 303 2166 343 IL-

323 359 361 400 L
379 363 418 403 V
433 361 458 401 S
474 361 513 401 T
529 359 570 400 R
584 362 621 401 A
639 358 679 400 T
697 360 732 399 A
750 359 814 399 M.
849 358 947 408 Ejus
959 369 1085 409 porro
1101 368 1228 408 nepos
1242 354 1482 396 Alexander
1497 355 1736 396 Cardinalis
1749 355 1987 396 Montaltus
2000 387 2012 406 ,
2038 358 2168 398 Tem-

111 436 188 473 Τέω
210 434 273 471 lum
324 415 440 464 plum
463 415 507 456 S.
536 417 573 455 A
595 417 632 456 Ν
651 415 690 456 D
710 413 748 454 R
764 413 797 454 E
814 418 857 454 ΗΞ
880 412 1120 464 praeclarum
1138 411 1250 451 inter
1264 410 1446 464 Templa
1463 409 1642 451 Clericis
1660 410 1938 463 Regularibus
1953 411 2163 453 condidit.

110 489 135 523 S
160 444 308 527 qundrm
323 469 370 510 Id
397 471 537 524 postea
562 469 802 522 insignitum
826 467 878 506 est
894 467 1107 507 Cellarum
1136 477 1314 511 ornatu3
1346 466 1432 516 ejus
1452 464 1682 518 praesertim
1698 495 1709 513 ‚
1740 477 1826 516 quae
1842 467 1893 506 ab
1909 465 2067 506 eximio
2083 480 2167 507 non

110 515 148 573 d}
165 537 257 576 Valle.
325 527 458 579 magis
472 524 586 566 cultu
600 556 612 574 ,
644 537 766 577 quam
780 521 958 562 aridioris
975 519 1124 561 Masi‘aei
1139 519 1375 561 Cardinalis
1391 519 1610 560 Bar-herini
1627 533 1735 560 nunc
1750 519 1974 560 Pontificis
1987 551 1999 569 ,
2031 522 2171 561 nomi-

108 601 256 638 Ineoclem
326 594 378 621 ne
400 579 583 633 effulget.
629 581 769 629 Auget
792 576 880 629 ejus
894 577 1023 617 Cellae
1048 575 1301 630 dignitatem
1326 574 1527 624 subje&us
1543 574 1700 615 veteris
1716 574 2169 626 Cloacaesinusinjecto

111 648 306 700 Cellasz—
323 636 536 689 quondam
564 636 604 675 S.
621 631 844 674 Sebastiani
872 644 1050 685 corpore
1071 632 1346 672 consecratus.
1392 630 1556 670 Strozia
1580 630 1684 670 item
1709 642 1760 670 eo
1775 630 1961 684 Templo
1983 630 2165 682 insignis.

102 702 309 754 faeiCarclina-
324 691 390 732 Ibi
407 703 504 731 ante
520 721 531 739 ,
564 690 729 731 Ducum
744 686 1196 728 Piccolhomineorum
1212 685 1358 734 AEdes,
1392 686 1433 724 ἃ
1464 686 1497 727 F
1511 687 1552 726 O
1570 685 1608 725 R
1626 687 1667 728 U
1685 685 1732 724 M
1765 685 1791 726 S
1807 684 1840 725 E
1857 687 1895 726 N
1916 688 1950 725 A
1971 685 2010 726 R
2028 686 2071 727 U
2088 687 2165 728 M:

109 753 305 792 lisBarberi-
325 757 433 786 nunc
445 758 585 784 autem
600 744 639 783 in
656 756 808 782 nomen
829 741 1021 795 Apostoli
1035 756 1126 782 cum
1141 741 1322 782 aedificio
1337 740 1466 781 vertit
1485 744 1525 781 δε
1543 753 1696 780 nomen
1711 739 1821 781 Fori.
1848 740 1967 782 Idem
1989 741 2168 782 Alexan-

109 809 153 842 ni.
324 800 398 841 der
413 799 592 841 Clericis
606 797 886 850 Regularibus
909 797 1255 838 minimisAEdem
1275 797 1316 838 S.
1337 795 1556 837 Laurentii
1581 796 1621 835 in
1639 795 1800 837 Lucina
1814 809 1908 836 cum
1925 796 1946 837 a
1965 796 2095 837 Paulo
2113 798 2168 839 V.

111 871 225 908 Clerici
238 871 308 918 Q-
324 853 582 908 impetrasset
598 885 611 903 ‚
643 853 800 905 amplas
811 852 933 893 AEdes
945 852 1183 905 conjunCtas
1200 851 1362 892 coemit
1378 882 1388 899 ‚
1422 851 1462 890 &
1481 850 1696 891 attribuit.
1742 853 1804 892 At
1821 852 2029 892 Henricus
2043 852 2168 903 Caje·

102 922 299 973 gularesmi-
326 923 446 951 tanus
469 909 510 950 S.
540 909 594 949 R.
619 908 670 949 E.
697 907 963 949 Camerarius
985 922 1079 948 cum
1108 907 1129 948 ἐ
1154 908 1291 948 Gallia
1317 906 1483 946 rediens
1508 905 1691 959 Legatus
1713 905 1904 946 indidem
1928 906 2171 948 Monachos

110 977 194 1012 nimi.
326 965 469 1018 priscis
493 964 533 1004 S.
552 963 750 1003 Bernardi
776 962 939 1016 legibus
961 963 1142 1003 aretiora
1169 962 1372 1003 sefflmres
1389 992 1398 1009 ‚
1440 959 1613 1010 habitu,
1655 962 1923 1011 unicolores,
1958 962 2000 1000 δε
2025 962 2170 1002 candi-

109 1038 267 1077 Monaclwi
323 1020 422 1065 dos,
456 1018 616 1059 laxiore
637 1019 826 1066 cucullo,
861 1018 904 1056 ἃ
925 1018 975 1056 ad
999 1031 1190 1058 mentum
1207 1016 1472 1070 dependulo‚
1505 1016 1656 1068 ligneis
1671 1016 1873 1062 socculis,
1908 1016 2171 1057 tibiisdenu-

110 1093 143 1127 3·
159 1071 310 1126 Bernizrcli
325 1074 455 1123 datis,
493 1074 533 1113 in
561 1073 731 1115 Italiam
755 1071 985 1113 deduxisset
1003 1104 1012 1120 ‚
1046 1072 1194 1112 iisdem
1212 1073 1356 1111 AEdem
1385 1071 1426 1111 S.
1454 1071 1484 1111 P
1504 1070 1544 1111 U
1565 1072 1602 1112 D
1620 1071 1652 1110 E
1670 1073 1706 1113 N
1727 1073 1800 1113 TI
1820 1075 1853 1111 A
1875 1074 1912 1114 N
1931 1072 1979 1112 [ἓ
2000 1103 2010 1121 ,
2042 1085 2168 1125 quam

108 1141 247 1179 ammom
324 1129 589 1181 Rainulphus
611 1128 661 1168 de
678 1128 937 1168 Monteruco
954 1127 1119 1169 Urbani
1147 1129 1186 1168 V
1204 1129 1239 1168 I.
1261 1127 1366 1167 olim
1392 1126 1632 1167 Cardinalis
1648 1126 1942 1167 instauraverat
1961 1158 1971 1175 ,
2002 1128 2085 1180 jam
2100 1141 2173 1167 ve-

109 1193 277 1245 disciplinae.
323 1185 470 1225 tustate
495 1184 584 1224 fere
607 1184 897 1236 consumptam
915 1214 925 1232 ‚
960 1182 1003 1220 &
1030 1181 1051 1222 a
1066 1185 1102 1222 se
1118 1182 1345 1221 restitutam
1363 1213 1372 1229 ,
1405 1181 1555 1221 iisdem
1569 1181 1620 1221 ad
1636 1182 1746 1222 sacra
1760 1181 1985 1223 ministeria
2001 1182 2171 1222 traden-

323 1239 419 1279 dam
442 1238 631 1284 curavit3
665 1237 761 1277 dein
784 1238 896 1278 auxit
911 1236 1197 1290 pulcherrimo
1212 1237 1378 1278 Sacello
1393 1267 1404 1285 ,
1436 1236 1477 1276 in
1494 1250 1577 1290 quo
1592 1237 1675 1289 ipse
1691 1236 1852 1277 humari
1869 1237 2022 1278 voluit.
2066 1238 2171 1278 Hie-

111 1310 277 1361 Collegium
323 1307 525 1347 ronymus
543 1292 786 1333 Matthaeius
801 1292 985 1342 ejusdem
1002 1291 1222 1333 Pontificis
1239 1292 1457 1332 Romanus
1473 1291 1713 1332 Cardinalis
1726 1290 1905 1332 fundato
1920 1292 2169 1332 Matthaeio-

111 1360 299 1398 Masthaejo-
325 1362 417 1389 rum
432 1348 629 1401 Collegio
641 1376 654 1394 ‚
686 1361 768 1401 quo
781 1347 1041 1401 praescriptus
1055 1347 1386 1388 adolescentium
1403 1359 1596 1387 numerus
1611 1345 1661 1386 ad
1677 1346 1806 1387 bonas
1820 1360 1930 1387 artes
1942 1347 2144 1388 educatur
2157 1378 2171 1395 ‚

110 1425 192 1451 rum,
324 1403 469 1444 stabile
502 1403 772 1444 liberalitatis
795 1405 869 1443 suae
892 1403 1204 1442 monimentum
1230 1401 1461 1442 constituit.
1516 1402 1720 1443 Inchoata
1745 1402 1850 1443 Sixti
1874 1415 1999 1456 opera
2024 1401 2169 1455 perfici

322 1459 597 1500 mandaverat
614 1457 813 1500 Urbanus
838 1459 876 1498 V
894 1459 913 1498 Ι
932 1458 966 1498 Ι.
991 1471 1084 1498 cum
1101 1458 1298 1498 inchoata
1313 1456 1379 1497 vix
1394 1456 1645 1506 pontificatu
1660 1456 1855 1503 deceffit3
1886 1458 2142 1499 virsummus
2157 1488 2172 1507 ‚

322 1526 550 1566 antequam
588 1513 792 1553 maximus
825 1512 1052 1553 diceretur.
1108 1511 1304 1565 Gregorii
1331 1511 1480 1553 XIV.
1511 1524 1706 1563 tempora
1731 1511 1901 1552 fabricis
1924 1525 2171 1558 caruerunt;

324 1569 521 1609 morbosa
557 1569 670 1607 enim
703 1567 835 1608 fames
857 1566 1019 1607 ademit
1042 1567 1292 1621 potestatem
1318 1566 1568 1607 fabricandi.
1624 1567 1723 1618 Ejus
1748 1568 1876 1620 porro
1901 1567 2044 1608 fratris
2067 1568 2174 1608 filius

323 1623 478 1665 Paulus
496 1622 738 1663 Cardinalis
753 1621 1028 1668 Sfondratus‚
1061 1621 1174 1674 cujus
1187 1635 1283 1673 erga
1298 1635 1360 1661 res
1373 1620 1503 1661 sacras
1515 1621 1768 1671 religionem
1784 1623 1990 1663 comitata
2005 1622 2172 1663 munifi-

324 1678 465 1719 centia
488 1678 567 1724 est,
601 1678 670 1717 sub
683 1678 913 1718 Clemente
939 1678 1098 1718 VIII.
1126 1677 1165 1717 S.
1192 1677 1229 1718 C
1247 1676 1297 1715 ΑΞ,
1316 1678 1350 1717 C
1364 1676 1384 1716 I
1400 1676 1435 1716 L
1451 1679 1467 1717 Ι
1485 1676 1534 1716 AE
1558 1677 1822 1730 aliorumque
1838 1678 1910 1718 SS.
1929 1678 2170 1730 Martyrum

323 1733 574 1786 corporibus
596 1733 782 1773 inventis
799 1764 809 1781 ‚
843 1731 1078 1785 eodemque
1101 1732 1198 1771 loco
1213 1731 1445 1772 reconditis
1459 1762 1471 1780 ,
1505 1730 1733 1772 Ecclesiam
1747 1745 1843 1771 ante
1859 1733 2065 1773 ruinosam
2080 1764 2091 1781 ‚
2127 1736 2171 1774 δε

324 1787 594 1830 fatiscentem
610 1815 624 1837 ,
647 1798 753 1827 ¹mox
779 1787 1011 1828 restitutam
1029 1818 1038 1835 ‚
1072 1787 1214 1839 priscis
1235 1786 1474 1832 renovatis,
1510 1787 1628 1826 novis
1643 1787 1897 1840 pigmentis,
1931 1789 2088 1840 arisque
2102 1787 2174 1827 ad-

325 1842 429 1883 ditis
447 1844 614 1895 copiose
628 1842 811 1884 ornavit.
857 1842 897 1883 T
916 1841 961 1883 U
980 1842 1023 1881 M
1042 1845 1083 1885 U
1104 1841 1139 1881 L
1158 1841 1202 1883 U
1219 1842 1265 1881 M
1290 1854 1391 1881 vero
1407 1842 1596 1895 Virginis
1611 1843 1729 1882 vario
1743 1856 1953 1883 marmore
1971 1874 1982 1891 ,
2012 1843 2173 1896 pretio-

323 1897 449 1951 fisque
471 1897 838 1937 incrustationibus
851 1897 1134 1949 pellucentem
1150 1897 1255 1937 mira
1269 1909 1442 1948 operum
1458 1897 1669 1949 elegantia
1687 1928 1697 1945 ,
1731 1910 1854 1951 atque
1868 1897 2067 1951 opificum
2083 1910 2173 1938 arte

326 1954 586 1993 elaboratum
600 1980 612 1997 ‚
648 1955 690 1993 δε
716 1951 917 1992 cancellis
934 1951 1154 2002 obseptum
1171 1983 1182 2001 ,
1215 1952 1442 1992 luminibus
1457 1952 1546 2005 plus
1575 1951 1609 1991 L
1624 1953 1668 1993 X
1684 1953 1742 1992 X.
1769 1967 1974 2006 perpetuo
1987 1953 2173 1993 ardenti-

326 2008 402 2048 bus
427 2006 535 2061 quafi
551 2008 721 2048 Coelum
740 2006 865 2047 stellis
880 2006 1124 2046 illustravit:
1160 2005 1305 2046 AEdem
1324 2007 1622 2047 Sacerdotibus
1637 2038 1647 2056 ,
1680 2007 1876 2048 ministris
1890 2040 1900 2057 ‚
1933 2009 2145 2061 argenteis
2160 2039 2175 2057 ,

330 2063 374 2101 δέ
397 2062 533 2101 aureis
546 2061 644 2102 vasis
661 2093 670 2109 ,
703 2076 748 2101 ac
763 2061 1009 2102 Samiorum
1027 2061 1239 2114 Reliquiis
1253 2061 1410 2102 audiam
1427 2062 1636 2102 haeredem
1651 2061 1789 2103 exasse
1807 2063 1994 2118 reliquit.
2046 2063 2175 2104 Octa-

329 2117 419 2157 vius
447 2116 712 2157 Paravicinus
733 2117 783 2157 ab
804 2115 956 2156 eodem
980 2117 1191 2169 Gregorio
1214 2115 1336 2167 jussus
1357 2116 1624 2166 Cardinalis,
1664 2131 1758 2157 cum
1787 2121 1913 2158 Aram
1937 2119 2174 2171 principem

330 2171 504 2225 Templi
522 2171 561 2211 S.
582 2171 745 2217 Alexfi,
779 2171 841 2212 cui
863 2170 1089 2225 praeeratin
1109 2171 1355 2221 Aventino,
1388 2172 1568 2212 mirifice
1583 2172 1838 2213 decorasset:
1873 2173 1993 2214 AEdes
2005 2186 2175 2227 quoque

325 2226 366 2265 in
390 2227 507 2269 Urbe
527 2225 723 2278 perfecit.

121 2305 230 2352 Opem
245 2299 317 2336 Cle-
390 2281 482 2335 jam
507 2294 607 2320 vero
631 2281 832 2321 Clemens
857 2282 895 2322 V
914 2280 1013 2320 111.
1039 2279 1249 2320 utAEdem
1274 2281 1314 2321 S.
1342 2281 1376 2321 C
1394 2280 1442 2320 [Ε
1462 2281 1486 2322 S
1506 2282 1540 2321 A
1564 2281 1602 2321 R
1620 2282 1697 2329 11,
1728 2294 1853 2335 quam
1869 2281 2008 2324 Sixtus
2022 2284 2077 2324 V.
2104 2296 2174 2324 ex-

119 2351 319 2389 „mujfflffl⁸
335 2348 536 2389 punxerat
552 2367 564 2385 ,
597 2336 709 2375 inter
732 2335 1023 2377 Cardinalium
1044 2336 1192 2375 titulos
1216 2348 1334 2375 more
1347 2337 1522 2390 antiquo
1539 2335 1717 2376 referret
1734 2369 1744 2385 ‚
1779 2349 1860 2376 non
1876 2338 1999 2391 longe
2015 2336 2035 2378 ὲ
2050 2351 2171 2392 porta

120 2402 282 2451 estdfflg
334 2391 505 2444 Capena
527 2390 763 2430 luculenter
787 2390 989 2434 restituit3
1022 2404 1110 2430 tum
1134 2391 1345 2443 Sylvestro
1368 2392 1594 2443 pronepoti
1623 2404 1768 2432 creato
1792 2392 2171 2447 Cardinaliregen-

120 2452 256 2503 cafizrii.
332 2445 428 2486 dam
451 2445 649 2485 attribuit
665 2446 905 2498 Collegium
933 2447 957 2487 S
972 2447 1005 2486 C
1022 2447 1063 2486 O
1078 2446 1117 2486 T
1132 2446 1172 2486 O
1191 2445 1228 2486 R
1246 2446 1290 2487 U
1306 2445 1350 2485 M
1369 2477 1379 2495 ,
1411 2459 1587 2498 quorum
1603 2459 1802 2500 patronus
1817 2445 1950 2487 fuerat
1964 2448 2004 2487 in
2018 2438 2172 2502 purpu-

119 2515 284 2565 Couwflm
328 2513 401 2551 ra,
433 2512 477 2540 ut
503 2500 742 2540 Romanam
767 2500 891 2540 fidem
916 2501 956 2540 in
981 2501 1116 2555 patria
1139 2513 1381 2550 tuerentur,
1416 2500 1636 2550 fundavit,
1670 2501 1929 2555 donavitque
1952 2504 2172 2556 proventi-

119 2567 274 2600 Scotorum
329 2554 417 2596 bus.
462 2554 671 2596 Palatium
699 2556 977 2603 Vaticanum,
1011 2554 1122 2609 quod
1148 2555 1285 2596 Sixtus
1308 2556 1360 2596 V.
1387 2554 1637 2602 aedificarat,
1670 2555 1957 2610 laquearibus,
1990 2558 2170 2599 caeteris-

112 2614 288 2664 simulatum.
327 2622 405 2663 que
430 2610 690 2650 ornamentis
716 2610 913 2664 praeclare
934 2610 1141 2651 instruxit.
1198 2610 1258 2650 Ex
1280 2610 1343 2650 his
1365 2611 1457 2651 aula
1480 2611 1606 2664 vulgo
1632 2612 1666 2651 C
1684 2611 1719 2650 L
1736 2611 1767 2651 E
1783 2611 1829 2651 M
1849 2611 1882 2651 E
1898 2614 1935 2653 N
1955 2614 1994 2653 T
2010 2615 2027 2654 Ι
2046 2615 2084 2655 Ν
2101 2614 2138 2654 Α
2156 2644 2169 2663 ,

328 2665 494 2716 ρίέὶωτίε
508 2696 520 2714 ,
554 2665 730 2705 fallente
745 2664 973 2718 imaginum
989 2664 1207 2719 prospeffilu
1220 2696 1232 2714 ,
1267 2667 1309 2706 δε
1326 2665 1491 2718 egregia
1508 2666 1708 2717 opificum
1723 2679 1812 2705 arte
1826 2667 1971 2707 oculos
1983 2670 2171 2708 tenenti-

327 2720 430 2760 bus:
475 2732 562 2759 tum
600 2720 735 2770 specie
758 2733 1087 2760 marmorearum
1111 2719 1453 2760 incrustationum
1478 2720 1589 2760 inter
1611 2720 1830 2773 spesianda
1857 2722 1989 2765 Urbis
2013 2723 2172 2763 merito

327 2774 564 2815 ascribitur.
617 2774 794 2815 Basilicae
831 2775 1047 2816 Vaticanae
1076 2774 1189 2828 quod
1223 2774 1359 2816 fuerat
1384 2774 1616 2815 extrucium
1638 2775 1944 2827 praeclarisfime
1970 2777 2170 2829 perfecit*

332 2828 530 2880 Ejusdem
547 2842 648 2882 opus
662 2830 714 2870 est
729 2830 770 2869 in
791 2829 957 2870 Basilica
976 2829 1244 2870 Lateranensi
1260 2830 1520 2870 Sanffissimae
1545 2830 1580 2870 E
1598 2833 1638 2873 U
1657 2832 1691 2870 C
1708 2831 1746 2871 H
1766 2833 1802 2872 A
1821 2832 1860 2871 R
1878 2834 1894 2872 Ι
1911 2833 1934 2872 S
1951 2833 2023 2873 TI
2040 2838 2083 2873 ΗΞ
2109 2832 2172 2872 di·-

331 2883 503 2938 vinique
520 2884 652 2937 Regis
676 2885 803 2939 regia.
844 2886 1142 2927 Transversam
1164 2885 1276 2926 enim
1292 2885 1463 2939 Templi
1479 2897 1644 2939 partem
1657 2887 1851 2927 colorato
1869 2886 2172 2940 elaboratoque

1993 2955 2177 2983 marmo-
