<?xml version="1.0" encoding="UTF-8"?>
<!DOCTYPE html PUBLIC "-//W3C//DTD XHTML 1.0 Transitional//EN"
    "http://www.w3.org/TR/xhtml1/DTD/xhtml1-transitional.dtd">
<html xmlns="http://www.w3.org/1999/xhtml" xml:lang="en" lang="en">
 <head>
  <title>
</title>
<meta http-equiv="Content-Type" content="text/html;charset=utf-8" />
  <meta name='ocr-system' content='tesseract 3.04.00' />
  <meta name='ocr-capabilities' content='ocr_page ocr_carea ocr_par ocr_line ocrx_word'/>
</head>
<body>
  <div class='ocr_page' id='page_1' title='image "./alexandridonatie00dona_0543.png"; bbox 0 0 2251 3283; ppageno 0'>
   <div class='ocr_carea' id='block_1_1' title="bbox 0 179 2092 2946">
    <p class='ocr_par' dir='ltr' id='par_1_1' title="bbox 0 179 1906 351">
     <span class='ocr_line' id='line_1_1' title="bbox 64 179 1906 249; baseline 0.006 -24"><span class='ocrx_word' id='word_1_1' title='bbox 64 181 146 225; x_wconf 87' lang='lat' dir='ltr'>reis</span> <span class='ocrx_word' id='word_1_2' title='bbox 171 179 373 235; x_wconf 77' lang='lat' dir='ltr'>trophaeis</span> <span class='ocrx_word' id='word_1_3' title='bbox 397 179 419 222; x_wconf 84' lang='grc' dir='ltr'>ὲ</span> <span class='ocrx_word' id='word_1_4' title='bbox 441 181 611 224; x_wconf 86' lang='lat' dir='ltr'>castello</span> <span class='ocrx_word' id='word_1_5' title='bbox 631 181 760 236; x_wconf 85' lang='lat' dir='ltr'>Aquae</span> <span class='ocrx_word' id='word_1_6' title='bbox 778 182 945 224; x_wconf 71' lang='lat' dir='ltr'>Martia·</span> <span class='ocrx_word' id='word_1_7' title='bbox 970 184 1193 227; x_wconf 83' lang='lat' dir='ltr'>transsatis.</span> <span class='ocrx_word' id='word_1_8' title='bbox 1236 186 1465 228; x_wconf 86' lang='lat' dir='ltr'>Ascensum</span> <span class='ocrx_word' id='word_1_9' title='bbox 1489 187 1594 229; x_wconf 85' lang='lat' dir='ltr'>inibi</span> <span class='ocrx_word' id='word_1_10' title='bbox 1616 190 1906 249; x_wconf 87' lang='lat' dir='ltr'>clivosumque</span> 
     </span>
     <span class='ocr_line' id='line_1_2' title="bbox 62 234 1904 298; baseline 0.008 -21"><span class='ocrx_word' id='word_1_11' title='bbox 62 237 261 278; x_wconf 89' lang='lat' dir='ltr'>cancellis</span> <span class='ocrx_word' id='word_1_12' title='bbox 276 236 515 277; x_wconf 82' lang='lat' dir='ltr'>Tiburtinis</span> <span class='ocrx_word' id='word_1_13' title='bbox 535 234 1200 293; x_wconf 82' lang='lat' dir='ltr'>institueratMichaelAngelus:</span> <span class='ocrx_word' id='word_1_14' title='bbox 1231 241 1299 292; x_wconf 87' lang='lat' dir='ltr'>qui</span> <span class='ocrx_word' id='word_1_15' title='bbox 1329 244 1371 282; x_wconf 87' lang='lat'>&amp;</span> <span class='ocrx_word' id='word_1_16' title='bbox 1394 241 1568 292; x_wconf 86' lang='lat' dir='ltr'>statuas,</span> <span class='ocrx_word' id='word_1_17' title='bbox 1600 259 1686 298; x_wconf 75' lang='lat' dir='ltr'>quae</span> <span class='ocrx_word' id='word_1_18' title='bbox 1713 261 1795 288; x_wconf 91' lang='lat' dir='ltr'>non</span> <span class='ocrx_word' id='word_1_19' title='bbox 1812 251 1904 291; x_wconf 90' lang='lat' dir='ltr'>sunt</span> 
     </span>
     <span class='ocr_line' id='line_1_3' title="bbox 0 289 1900 351; baseline 0.003 -21"><span class='ocrx_word' id='word_1_20' title='bbox 0 295 5 332; x_wconf 66' lang='grc' dir='ltr'><em>ξ</em></span> <span class='ocrx_word' id='word_1_21' title='bbox 61 291 280 344; x_wconf 83' lang='lat' dir='ltr'>appositae,</span> <span class='ocrx_word' id='word_1_22' title='bbox 312 291 441 331; x_wconf 88' lang='lat' dir='ltr'>certis</span> <span class='ocrx_word' id='word_1_23' title='bbox 463 289 750 330; x_wconf 88' lang='lat' dir='ltr'>cancellorum</span> <span class='ocrx_word' id='word_1_24' title='bbox 774 292 918 340; x_wconf 85' lang='lat' dir='ltr'>spatiis</span> <span class='ocrx_word' id='word_1_25' title='bbox 939 294 1213 347; x_wconf 80' lang='lat' dir='ltr'>imponebat3</span> <span class='ocrx_word' id='word_1_26' title='bbox 1244 295 1387 334; x_wconf 85' lang='lat' dir='ltr'>omnia</span> <span class='ocrx_word' id='word_1_27' title='bbox 1414 294 1584 337; x_wconf 88' lang='lat' dir='ltr'>demum</span> <span class='ocrx_word' id='word_1_28' title='bbox 1602 300 1808 351; x_wconf 75' lang='lat' dir='ltr'>Capitolii</span> <span class='ocrx_word' id='word_1_29' title='bbox 1833 317 1900 343; x_wconf 71' lang='lat' dir='ltr'>or-</span> 
     </span>
    </p>

    <p class='ocr_par' dir='ltr' id='par_1_2' title="bbox 57 343 2079 832">
     <span class='ocr_line' id='line_1_4' title="bbox 66 343 1900 402; baseline 0.003 -17"><span class='ocrx_word' id='word_1_30' title='bbox 66 357 261 385; x_wconf 86' lang='lat' dir='ltr'>namenta</span> <span class='ocrx_word' id='word_1_31' title='bbox 287 344 472 385; x_wconf 84' lang='lat' dir='ltr'>cumulat</span> <span class='ocrx_word' id='word_1_32' title='bbox 499 343 629 384; x_wconf 87' lang='lat' dir='ltr'>statua</span> <span class='ocrx_word' id='word_1_33' title='bbox 653 345 851 398; x_wconf 87' lang='lat' dir='ltr'>equestris</span> <span class='ocrx_word' id='word_1_34' title='bbox 873 359 984 387; x_wconf 82' lang='lat' dir='ltr'>aenea</span> <span class='ocrx_word' id='word_1_35' title='bbox 1017 348 1079 388; x_wconf 89' lang='lat' dir='ltr'>M.</span> <span class='ocrx_word' id='word_1_36' title='bbox 1105 349 1142 389; x_wconf 85' lang='lat' dir='ltr'><strong>A</strong></span> <span class='ocrx_word' id='word_1_37' title='bbox 1160 351 1201 390; x_wconf 82' lang='lat' dir='ltr'>U</span> <span class='ocrx_word' id='word_1_38' title='bbox 1221 348 1260 388; x_wconf 90' lang='lat' dir='ltr'>R</span> <span class='ocrx_word' id='word_1_39' title='bbox 1276 347 1359 389; x_wconf 87' lang='lat' dir='ltr'>EL</span> <span class='ocrx_word' id='word_1_40' title='bbox 1376 351 1392 390; x_wconf 88' lang='lat'>1</span> <span class='ocrx_word' id='word_1_41' title='bbox 1409 351 1451 394; x_wconf 87' lang='lat'>1,</span> <span class='ocrx_word' id='word_1_42' title='bbox 1489 362 1611 402; x_wconf 86' lang='lat' dir='ltr'>quarn</span> <span class='ocrx_word' id='word_1_43' title='bbox 1636 353 1658 393; x_wconf 74' lang='grc' dir='ltr'>ἐ</span> <span class='ocrx_word' id='word_1_44' title='bbox 1683 354 1900 397; x_wconf 76' lang='lat' dir='ltr'>Laterano</span> 
     </span>
     <span class='ocr_line' id='line_1_5' title="bbox 59 397 1900 461; baseline 0.005 -22"><span class='ocrx_word' id='word_1_45' title='bbox 59 398 267 439; x_wconf 89' lang='lat' dir='ltr'>transtulit</span> <span class='ocrx_word' id='word_1_46' title='bbox 283 397 396 438; x_wconf 89' lang='lat' dir='ltr'>idem</span> <span class='ocrx_word' id='word_1_47' title='bbox 414 398 564 438; x_wconf 89' lang='lat' dir='ltr'>Paulus</span> <span class='ocrx_word' id='word_1_48' title='bbox 576 398 659 440; x_wconf 88' lang='grc' dir='ltr'>ΙΙΙ.</span> <span class='ocrx_word' id='word_1_49' title='bbox 674 398 853 451; x_wconf 69' lang='lat' dir='ltr'>subjecta</span> <span class='ocrx_word' id='word_1_50' title='bbox 866 413 1102 442; x_wconf 85' lang='lat' dir='ltr'>marmorea</span> <span class='ocrx_word' id='word_1_51' title='bbox 1116 401 1208 442; x_wconf 80' lang='lat' dir='ltr'>bafi.</span> <span class='ocrx_word' id='word_1_52' title='bbox 1243 402 1407 443; x_wconf 82' lang='lat' dir='ltr'>Eodem</span> <span class='ocrx_word' id='word_1_53' title='bbox 1427 403 1635 445; x_wconf 85' lang='lat' dir='ltr'>Pontifice</span> <span class='ocrx_word' id='word_1_54' title='bbox 1650 438 1661 455; x_wconf 89' lang='lat'>,</span> <span class='ocrx_word' id='word_1_55' title='bbox 1683 409 1765 461; x_wconf 75' lang='lat' dir='ltr'>qua</span> <span class='ocrx_word' id='word_1_56' title='bbox 1786 411 1900 452; x_wconf 87' lang='lat' dir='ltr'>Urbs</span> 
     </span>
     <span class='ocr_line' id='line_1_6' title="bbox 59 451 2058 516; baseline 0.006 -22"><span class='ocrx_word' id='word_1_57' title='bbox 59 453 240 494; x_wconf 85' lang='lat' dir='ltr'>maxime</span> <span class='ocrx_word' id='word_1_58' title='bbox 262 451 446 505; x_wconf 88' lang='lat' dir='ltr'>depressa</span> <span class='ocrx_word' id='word_1_59' title='bbox 467 452 661 501; x_wconf 75' lang='lat' dir='ltr'>subsidit,</span> <span class='ocrx_word' id='word_1_60' title='bbox 701 466 747 493; x_wconf 90' lang='lat' dir='ltr'>ut</span> <span class='ocrx_word' id='word_1_61' title='bbox 772 453 913 505; x_wconf 86' lang='lat' dir='ltr'>ajunt,</span> <span class='ocrx_word' id='word_1_62' title='bbox 958 455 1000 493; x_wconf 91' lang='lat' dir='ltr'>in</span> <span class='ocrx_word' id='word_1_63' title='bbox 1027 456 1180 496; x_wconf 90' lang='lat' dir='ltr'>vallem</span> <span class='ocrx_word' id='word_1_64' title='bbox 1198 486 1210 504; x_wconf 86' lang='lat'>‚</span> <span class='ocrx_word' id='word_1_65' title='bbox 1245 456 1476 498; x_wconf 74' lang='lat' dir='ltr'>Balthaffar</span> <span class='ocrx_word' id='word_1_66' title='bbox 1499 458 1702 502; x_wconf 83' lang='lat' dir='ltr'>Maximis</span> <span class='ocrx_word' id='word_1_67' title='bbox 1728 462 1895 504; x_wconf 76' lang='lat' dir='ltr'>ffidium</span> <span class='ocrx_word' id='word_1_68' title='bbox 2044 497 2058 516; x_wconf 54' lang='grc' dir='ltr'><em>ς</em></span> 
     </span>
     <span class='ocr_line' id='line_1_7' title="bbox 59 506 2079 568; baseline 0.006 -21"><span class='ocrx_word' id='word_1_69' title='bbox 59 508 271 560; x_wconf 77' lang='lat' dir='ltr'>egregiam</span> <span class='ocrx_word' id='word_1_70' title='bbox 297 506 480 547; x_wconf 82' lang='lat' dir='ltr'>formam</span> <span class='ocrx_word' id='word_1_71' title='bbox 506 506 732 559; x_wconf 83' lang='lat' dir='ltr'>descripsit.</span> <span class='ocrx_word' id='word_1_72' title='bbox 777 509 889 548; x_wconf 87' lang='lat' dir='ltr'>Nam</span> <span class='ocrx_word' id='word_1_73' title='bbox 913 509 1049 562; x_wconf 87' lang='lat' dir='ltr'>prisco</span> <span class='ocrx_word' id='word_1_74' title='bbox 1074 523 1192 549; x_wconf 86' lang='lat' dir='ltr'>more</span> <span class='ocrx_word' id='word_1_75' title='bbox 1210 540 1221 558; x_wconf 90' lang='lat'>‚</span> <span class='ocrx_word' id='word_1_76' title='bbox 1251 510 1397 551; x_wconf 58' lang='lat' dir='ltr'>strueto</span> <span class='ocrx_word' id='word_1_77' title='bbox 1422 524 1502 563; x_wconf 87' lang='lat' dir='ltr'>prae</span> <span class='ocrx_word' id='word_1_78' title='bbox 1521 512 1681 554; x_wconf 89' lang='lat' dir='ltr'>foribus</span> <span class='ocrx_word' id='word_1_79' title='bbox 1696 517 1898 558; x_wconf 82' lang='lat' dir='ltr'>vestibulo</span> <span class='ocrx_word' id='word_1_80' title='bbox 1915 533 2079 568; x_wconf 74' lang='lat' dir='ltr'>Maximo.-</span> 
     </span>
     <span class='ocr_line' id='line_1_8' title="bbox 58 561 1991 622; baseline 0.007 -21"><span class='ocrx_word' id='word_1_81' title='bbox 58 562 208 601; x_wconf 85' lang='lat' dir='ltr'>validis</span> <span class='ocrx_word' id='word_1_82' title='bbox 221 561 369 602; x_wconf 90' lang='lat' dir='ltr'>Dorici</span> <span class='ocrx_word' id='word_1_83' title='bbox 391 561 557 612; x_wconf 86' lang='lat' dir='ltr'>generis</span> <span class='ocrx_word' id='word_1_84' title='bbox 576 561 785 602; x_wconf 89' lang='lat' dir='ltr'>columnis</span> <span class='ocrx_word' id='word_1_85' title='bbox 807 575 971 603; x_wconf 89' lang='lat' dir='ltr'>murum</span> <span class='ocrx_word' id='word_1_86' title='bbox 995 564 1232 604; x_wconf 81' lang='lat' dir='ltr'>commifit:</span> <span class='ocrx_word' id='word_1_87' title='bbox 1265 564 1420 604; x_wconf 87' lang='lat' dir='ltr'>atrium</span> <span class='ocrx_word' id='word_1_88' title='bbox 1445 579 1492 605; x_wconf 91' lang='lat' dir='ltr'>ac</span> <span class='ocrx_word' id='word_1_89' title='bbox 1516 567 1710 622; x_wconf 82' lang='lat' dir='ltr'>reliquias</span> <span class='ocrx_word' id='word_1_90' title='bbox 1733 571 1991 619; x_wconf 76' lang='lat' dir='ltr'>aedificiirum.</span> 
     </span>
     <span class='ocr_line' id='line_1_9' title="bbox 57 615 1897 678; baseline 0.005 -23"><span class='ocrx_word' id='word_1_91' title='bbox 57 628 199 667; x_wconf 88' lang='lat' dir='ltr'>partes</span> <span class='ocrx_word' id='word_1_92' title='bbox 219 616 436 668; x_wconf 84' lang='lat' dir='ltr'>eleganter</span> <span class='ocrx_word' id='word_1_93' title='bbox 458 615 710 667; x_wconf 85' lang='lat' dir='ltr'>composuit.</span> <span class='ocrx_word' id='word_1_94' title='bbox 750 617 875 666; x_wconf 85' lang='lat' dir='ltr'>Qod</span> <span class='ocrx_word' id='word_1_95' title='bbox 901 630 1041 657; x_wconf 86' lang='lat' dir='ltr'>tamen</span> <span class='ocrx_word' id='word_1_96' title='bbox 1066 631 1163 657; x_wconf 83' lang='lat' dir='ltr'>ante</span> <span class='ocrx_word' id='word_1_97' title='bbox 1177 618 1261 657; x_wconf 84' lang='lat' dir='ltr'>vita</span> <span class='ocrx_word' id='word_1_98' title='bbox 1277 618 1495 660; x_wconf 65' lang='lat' dir='ltr'>defunctus</span> <span class='ocrx_word' id='word_1_99' title='bbox 1509 622 1711 673; x_wconf 85' lang='lat' dir='ltr'>perficere</span> <span class='ocrx_word' id='word_1_100' title='bbox 1726 637 1806 663; x_wconf 90' lang='lat' dir='ltr'>non</span> <span class='ocrx_word' id='word_1_101' title='bbox 1822 638 1897 678; x_wconf 92' lang='lat' dir='ltr'>po-</span> 
     </span>
     <span class='ocr_line' id='line_1_10' title="bbox 59 669 1894 726; baseline 0.007 -18"><span class='ocrx_word' id='word_1_102' title='bbox 59 669 159 710; x_wconf 90' lang='lat' dir='ltr'>tuit.</span> <span class='ocrx_word' id='word_1_103' title='bbox 214 671 275 710; x_wconf 87' lang='lat' dir='ltr'>At</span> <span class='ocrx_word' id='word_1_104' title='bbox 304 671 450 721; x_wconf 87' lang='lat' dir='ltr'>Nepos</span> <span class='ocrx_word' id='word_1_105' title='bbox 472 670 694 710; x_wconf 87' lang='lat' dir='ltr'>Pontificis</span> <span class='ocrx_word' id='word_1_106' title='bbox 720 670 959 711; x_wconf 85' lang='lat' dir='ltr'>Alexander</span> <span class='ocrx_word' id='word_1_107' title='bbox 990 673 1295 712; x_wconf 84' lang='lat' dir='ltr'>reconcinnato</span> <span class='ocrx_word' id='word_1_108' title='bbox 1321 672 1510 726; x_wconf 88' lang='lat' dir='ltr'>Templo</span> <span class='ocrx_word' id='word_1_109' title='bbox 1536 676 1575 716; x_wconf 83' lang='lat' dir='ltr'>S.</span> <span class='ocrx_word' id='word_1_110' title='bbox 1602 676 1821 718; x_wconf 87' lang='lat' dir='ltr'>Laurentii</span> <span class='ocrx_word' id='word_1_111' title='bbox 1851 680 1894 720; x_wconf 90' lang='lat' dir='ltr'>in</span> 
     </span>
     <span class='ocr_line' id='line_1_11' title="bbox 58 723 1899 783; baseline 0.005 -19"><span class='ocrx_word' id='word_1_112' title='bbox 58 724 245 764; x_wconf 85' lang='lat' dir='ltr'>Damaso</span> <span class='ocrx_word' id='word_1_113' title='bbox 267 756 280 773; x_wconf 89' lang='lat'>‚</span> <span class='ocrx_word' id='word_1_114' title='bbox 322 723 557 763; x_wconf 89' lang='lat' dir='ltr'>inauratum</span> <span class='ocrx_word' id='word_1_115' title='bbox 593 724 757 764; x_wconf 89' lang='lat' dir='ltr'>addidit</span> <span class='ocrx_word' id='word_1_116' title='bbox 782 725 977 778; x_wconf 84' lang='lat' dir='ltr'>laqueare</span> <span class='ocrx_word' id='word_1_117' title='bbox 998 753 1011 772; x_wconf 90' lang='lat'>,</span> <span class='ocrx_word' id='word_1_118' title='bbox 1053 726 1331 781; x_wconf 79' lang='lat' dir='ltr'>praecelfisque</span> <span class='ocrx_word' id='word_1_119' title='bbox 1357 728 1588 779; x_wconf 78' lang='lat' dir='ltr'>parietibus</span> <span class='ocrx_word' id='word_1_120' title='bbox 1615 732 1899 783; x_wconf 63' lang='lat' dir='ltr'>prarstantium</span> 
     </span>
     <span class='ocr_line' id='line_1_12' title="bbox 57 776 648 832; baseline 0.002 -15"><span class='ocrx_word' id='word_1_121' title='bbox 57 791 112 832; x_wconf 92' lang='lat' dir='ltr'>op</span> <span class='ocrx_word' id='word_1_122' title='bbox 128 776 454 831; x_wconf 68' lang='lat' dir='ltr'>ificumpisturas</span> <span class='ocrx_word' id='word_1_123' title='bbox 470 778 648 818; x_wconf 86' lang='lat' dir='ltr'>induxit.</span> 
     </span>
    </p>

    <p class='ocr_par' dir='ltr' id='par_1_3' title="bbox 40 831 2084 1973">
     <span class='ocr_line' id='line_1_13' title="bbox 114 831 1892 889; baseline 0.004 -15"><span class='ocrx_word' id='word_1_124' title='bbox 114 833 244 885; x_wconf 84' lang='lat' dir='ltr'>Atqui</span> <span class='ocrx_word' id='word_1_125' title='bbox 282 831 439 871; x_wconf 87' lang='lat' dir='ltr'>nullum</span> <span class='ocrx_word' id='word_1_126' title='bbox 478 831 565 884; x_wconf 78' lang='lat' dir='ltr'>ejus</span> <span class='ocrx_word' id='word_1_127' title='bbox 584 831 905 882; x_wconf 81' lang='lat' dir='ltr'>magnificentiae</span> <span class='ocrx_word' id='word_1_128' title='bbox 931 833 1086 873; x_wconf 86' lang='lat' dir='ltr'>certius</span> <span class='ocrx_word' id='word_1_129' title='bbox 1110 834 1253 875; x_wconf 87' lang='lat' dir='ltr'>extitit</span> <span class='ocrx_word' id='word_1_130' title='bbox 1277 835 1613 886; x_wconf 71' lang='lat' dir='ltr'>monimentum,</span> <span class='ocrx_word' id='word_1_131' title='bbox 1654 853 1775 889; x_wconf 87' lang='lat' dir='ltr'>quam</span> <span class='ocrx_word' id='word_1_132' title='bbox 1799 855 1892 883; x_wconf 87' lang='lat' dir='ltr'>cum</span> 
     </span>
     <span class='ocr_line' id='line_1_14' title="bbox 54 885 1892 945; baseline 0.003 -16"><span class='ocrx_word' id='word_1_133' title='bbox 54 887 99 929; x_wconf 87' lang='lat' dir='ltr'>N</span> <span class='ocrx_word' id='word_1_134' title='bbox 118 889 157 927; x_wconf 95' lang='lat' dir='ltr'>O</span> <span class='ocrx_word' id='word_1_135' title='bbox 173 887 218 926; x_wconf 87' lang='lat' dir='ltr'>M</span> <span class='ocrx_word' id='word_1_136' title='bbox 235 888 253 928; x_wconf 89' lang='lat' dir='ltr'>I</span> <span class='ocrx_word' id='word_1_137' title='bbox 270 888 309 927; x_wconf 92' lang='lat' dir='ltr'>N</span> <span class='ocrx_word' id='word_1_138' title='bbox 326 886 360 926; x_wconf 85' lang='lat' dir='ltr'>E</span> <span class='ocrx_word' id='word_1_139' title='bbox 404 885 474 938; x_wconf 84' lang='lat' dir='ltr'>JE</span> <span class='ocrx_word' id='word_1_140' title='bbox 489 887 513 927; x_wconf 89' lang='lat' dir='ltr'>S</span> <span class='ocrx_word' id='word_1_141' title='bbox 532 890 573 928; x_wconf 90' lang='lat' dir='ltr'>U</span> <span class='ocrx_word' id='word_1_142' title='bbox 609 887 836 940; x_wconf 85' lang='lat' dir='ltr'>Templum</span> <span class='ocrx_word' id='word_1_143' title='bbox 865 887 886 927; x_wconf 77' lang='grc' dir='ltr'>ὲ</span> <span class='ocrx_word' id='word_1_144' title='bbox 914 887 1200 928; x_wconf 83' lang='lat' dir='ltr'>fundamentis</span> <span class='ocrx_word' id='word_1_145' title='bbox 1226 889 1372 929; x_wconf 88' lang='lat' dir='ltr'>erexit.</span> <span class='ocrx_word' id='word_1_146' title='bbox 1428 891 1592 932; x_wconf 80' lang='lat' dir='ltr'>Eodem</span> <span class='ocrx_word' id='word_1_147' title='bbox 1618 893 1862 935; x_wconf 82' lang='lat' dir='ltr'>Alexandro</span> <span class='ocrx_word' id='word_1_148' title='bbox 1879 928 1892 945; x_wconf 92' lang='lat'>‚</span> 
     </span>
     <span class='ocr_line' id='line_1_15' title="bbox 57 939 1889 997; baseline 0.004 -15"><span class='ocrx_word' id='word_1_149' title='bbox 57 944 103 982; x_wconf 68' lang='grc' dir='ltr'>δε</span> <span class='ocrx_word' id='word_1_150' title='bbox 121 940 328 981; x_wconf 84' lang='lat' dir='ltr'>Rainutio</span> <span class='ocrx_word' id='word_1_151' title='bbox 342 939 636 981; x_wconf 80' lang='lat' dir='ltr'>Cardinalibus</span> <span class='ocrx_word' id='word_1_152' title='bbox 650 943 839 994; x_wconf 86' lang='lat' dir='ltr'>patronis</span> <span class='ocrx_word' id='word_1_153' title='bbox 850 942 1098 983; x_wconf 84' lang='lat' dir='ltr'>Oratorium</span> <span class='ocrx_word' id='word_1_154' title='bbox 1125 944 1164 983; x_wconf 89' lang='lat' dir='ltr'>S.</span> <span class='ocrx_word' id='word_1_155' title='bbox 1193 944 1239 983; x_wconf 88' lang='lat' dir='ltr'><strong>M</strong></span> <span class='ocrx_word' id='word_1_156' title='bbox 1261 946 1293 982; x_wconf 77' lang='lat' dir='ltr'>A</span> <span class='ocrx_word' id='word_1_157' title='bbox 1313 944 1348 983; x_wconf 78' lang='lat' dir='ltr'><strong>R</strong></span> <span class='ocrx_word' id='word_1_158' title='bbox 1367 944 1401 982; x_wconf 92' lang='lat' dir='ltr'>C</span> <span class='ocrx_word' id='word_1_159' title='bbox 1419 944 1451 984; x_wconf 81' lang='lat' dir='ltr'>E</span> <span class='ocrx_word' id='word_1_160' title='bbox 1469 944 1504 984; x_wconf 92' lang='lat' dir='ltr'>L</span> <span class='ocrx_word' id='word_1_161' title='bbox 1522 946 1591 987; x_wconf 84' lang='lat' dir='ltr'>LI</span> <span class='ocrx_word' id='word_1_162' title='bbox 1618 949 1796 988; x_wconf 66' lang='lat' dir='ltr'>erectum</span> <span class='ocrx_word' id='word_1_163' title='bbox 1813 950 1889 997; x_wconf 87' lang='lat' dir='ltr'>est,</span> 
     </span>
     <span class='ocr_line' id='line_1_16' title="bbox 57 994 1893 1055; baseline 0.004 -18"><span class='ocrx_word' id='word_1_164' title='bbox 57 1011 133 1037; x_wconf 90' lang='lat' dir='ltr'>nec</span> <span class='ocrx_word' id='word_1_165' title='bbox 149 995 279 1034; x_wconf 86' lang='lat' dir='ltr'>modo</span> <span class='ocrx_word' id='word_1_166' title='bbox 293 994 439 1034; x_wconf 85' lang='lat' dir='ltr'>illustri</span> <span class='ocrx_word' id='word_1_167' title='bbox 452 1007 667 1047; x_wconf 79' lang='lat' dir='ltr'>apparatu,</span> <span class='ocrx_word' id='word_1_168' title='bbox 692 996 759 1036; x_wconf 91' lang='lat' dir='ltr'>sed</span> <span class='ocrx_word' id='word_1_169' title='bbox 773 996 977 1049; x_wconf 72' lang='lat' dir='ltr'>praecipue</span> <span class='ocrx_word' id='word_1_170' title='bbox 994 997 1189 1037; x_wconf 79' lang='lat' dir='ltr'>Romana</span> <span class='ocrx_word' id='word_1_171' title='bbox 1206 996 1432 1037; x_wconf 81' lang='lat' dir='ltr'>nobilitate</span> <span class='ocrx_word' id='word_1_172' title='bbox 1446 1000 1485 1037; x_wconf 87' lang='lat' dir='ltr'>in</span> <span class='ocrx_word' id='word_1_173' title='bbox 1501 1000 1682 1051; x_wconf 79' lang='lat' dir='ltr'>ejusdem</span> <span class='ocrx_word' id='word_1_174' title='bbox 1699 1002 1791 1055; x_wconf 81' lang='lat' dir='ltr'>pios</span> <span class='ocrx_word' id='word_1_175' title='bbox 1803 1018 1893 1044; x_wconf 88' lang='lat' dir='ltr'>coe-</span> 
     </span>
     <span class='ocr_line' id='line_1_17' title="bbox 54 1048 1887 1106; baseline 0.004 -14"><span class='ocrx_word' id='word_1_176' title='bbox 54 1048 549 1100; x_wconf 83' lang='lat' dir='ltr'>tusadscitainsignitum.</span> <span class='ocrx_word' id='word_1_177' title='bbox 583 1051 642 1090; x_wconf 90' lang='lat' dir='ltr'>At</span> <span class='ocrx_word' id='word_1_178' title='bbox 656 1051 937 1105; x_wconf 89' lang='lat' dir='ltr'>propinquum</span> <span class='ocrx_word' id='word_1_179' title='bbox 959 1051 997 1091; x_wconf 83' lang='lat' dir='ltr'>S.</span> <span class='ocrx_word' id='word_1_180' title='bbox 1015 1051 1059 1090; x_wconf 87' lang='grc' dir='ltr'>Μ</span> <span class='ocrx_word' id='word_1_181' title='bbox 1077 1055 1111 1089; x_wconf 85' lang='lat' dir='ltr'><strong>A</strong></span> <span class='ocrx_word' id='word_1_182' title='bbox 1128 1053 1163 1091; x_wconf 79' lang='lat' dir='ltr'>R</span> <span class='ocrx_word' id='word_1_183' title='bbox 1182 1053 1215 1091; x_wconf 95' lang='lat' dir='ltr'>C</span> <span class='ocrx_word' id='word_1_184' title='bbox 1232 1053 1264 1092; x_wconf 75' lang='lat' dir='ltr'>E</span> <span class='ocrx_word' id='word_1_185' title='bbox 1280 1052 1316 1091; x_wconf 94' lang='lat' dir='ltr'>L</span> <span class='ocrx_word' id='word_1_186' title='bbox 1335 1052 1368 1091; x_wconf 91' lang='lat' dir='ltr'>L</span> <span class='ocrx_word' id='word_1_187' title='bbox 1382 1052 1401 1091; x_wconf 96' lang='lat' dir='ltr'>I</span> <span class='ocrx_word' id='word_1_188' title='bbox 1424 1054 1652 1106; x_wconf 89' lang='lat' dir='ltr'>Templum</span> <span class='ocrx_word' id='word_1_189' title='bbox 1671 1056 1816 1097; x_wconf 87' lang='lat' dir='ltr'>Leone</span> <span class='ocrx_word' id='word_1_190' title='bbox 1828 1060 1887 1100; x_wconf 89' lang='lat' dir='ltr'>X.</span> 
     </span>
     <span class='ocr_line' id='line_1_18' title="bbox 54 1104 2057 1160; baseline 0.002 -14"><span class='ocrx_word' id='word_1_191' title='bbox 54 1104 264 1147; x_wconf 85' lang='lat' dir='ltr'>Pontifice</span> <span class='ocrx_word' id='word_1_192' title='bbox 280 1134 290 1152; x_wconf 88' lang='lat'>,</span> <span class='ocrx_word' id='word_1_193' title='bbox 334 1116 427 1144; x_wconf 83' lang='lat' dir='ltr'>cum</span> <span class='ocrx_word' id='word_1_194' title='bbox 451 1104 589 1143; x_wconf 87' lang='lat' dir='ltr'>subito</span> <span class='ocrx_word' id='word_1_195' title='bbox 613 1104 810 1145; x_wconf 89' lang='lat' dir='ltr'>incendio</span> <span class='ocrx_word' id='word_1_196' title='bbox 835 1104 1010 1154; x_wconf 79' lang='lat' dir='ltr'>arfiffet‚</span> <span class='ocrx_word' id='word_1_197' title='bbox 1052 1104 1250 1145; x_wconf 87' lang='lat' dir='ltr'>Crucifixi</span> <span class='ocrx_word' id='word_1_198' title='bbox 1282 1107 1458 1147; x_wconf 88' lang='lat' dir='ltr'>Domini</span> <span class='ocrx_word' id='word_1_199' title='bbox 1481 1108 1619 1160; x_wconf 81' lang='lat' dir='ltr'>imago</span> <span class='ocrx_word' id='word_1_200' title='bbox 1640 1111 1890 1153; x_wconf 85' lang='lat' dir='ltr'>admirando</span> <span class='ocrx_word' id='word_1_201' title='bbox 1906 1123 2057 1160; x_wconf 60' lang='lat' dir='ltr'>Crucsfxz</span> 
     </span>
     <span class='ocr_line' id='line_1_19' title="bbox 53 1148 2026 1218; baseline 0.005 -18"><span class='ocrx_word' id='word_1_202' title='bbox 53 1173 206 1200; x_wconf 85' lang='lat' dir='ltr'>eventu</span> <span class='ocrx_word' id='word_1_203' title='bbox 231 1157 415 1198; x_wconf 76' lang='lat' dir='ltr'>flammas</span> <span class='ocrx_word' id='word_1_204' title='bbox 436 1158 576 1198; x_wconf 86' lang='lat' dir='ltr'>evasit.</span> <span class='ocrx_word' id='word_1_205' title='bbox 621 1159 680 1199; x_wconf 86' lang='lat' dir='ltr'>Ex</span> <span class='ocrx_word' id='word_1_206' title='bbox 705 1172 756 1198; x_wconf 92' lang='lat' dir='ltr'>eo</span> <span class='ocrx_word' id='word_1_207' title='bbox 777 1159 959 1199; x_wconf 87' lang='lat' dir='ltr'>increvit</span> <span class='ocrx_word' id='word_1_208' title='bbox 986 1161 1228 1206; x_wconf 81' lang='lat' dir='ltr'>veneratio,</span> <span class='ocrx_word' id='word_1_209' title='bbox 1262 1162 1304 1200; x_wconf 75' lang='grc' dir='ltr'>ὃ(</span> <span class='ocrx_word' id='word_1_210' title='bbox 1326 1161 1486 1201; x_wconf 87' lang='lat' dir='ltr'>cultus:</span> <span class='ocrx_word' id='word_1_211' title='bbox 1523 1164 1886 1218; x_wconf 86' lang='lat' dir='ltr'>Templorumque</span> <span class='ocrx_word' id='word_1_212' title='bbox 1901 1148 2026 1210; x_wconf 63' lang='lat' dir='ltr'>Domiiu&#39;</span> 
     </span>
     <span class='ocr_line' id='line_1_20' title="bbox 53 1211 2066 1275; baseline 0.003 -20"><span class='ocrx_word' id='word_1_213' title='bbox 53 1213 246 1255; x_wconf 74' lang='lat' dir='ltr'>aedificari</span> <span class='ocrx_word' id='word_1_214' title='bbox 269 1211 537 1265; x_wconf 76' lang='lat' dir='ltr'>propensius,</span> <span class='ocrx_word' id='word_1_215' title='bbox 569 1214 792 1266; x_wconf 86' lang='lat' dir='ltr'>ornarique</span> <span class='ocrx_word' id='word_1_216' title='bbox 815 1226 1004 1267; x_wconf 85' lang='lat' dir='ltr'>coeptum</span> <span class='ocrx_word' id='word_1_217' title='bbox 1021 1245 1033 1263; x_wconf 83' lang='lat'>‚</span> <span class='ocrx_word' id='word_1_218' title='bbox 1065 1227 1235 1263; x_wconf 85' lang='lat' dir='ltr'>contra,</span> <span class='ocrx_word' id='word_1_219' title='bbox 1269 1228 1317 1255; x_wconf 86' lang='lat' dir='ltr'>ac</span> <span class='ocrx_word' id='word_1_220' title='bbox 1341 1214 1506 1256; x_wconf 84' lang='lat' dir='ltr'>fuerant</span> <span class='ocrx_word' id='word_1_221' title='bbox 1522 1248 1532 1265; x_wconf 98' lang='lat'>,</span> <span class='ocrx_word' id='word_1_222' title='bbox 1565 1218 1770 1259; x_wconf 82' lang='lat' dir='ltr'>converfis</span> <span class='ocrx_word' id='word_1_223' title='bbox 1784 1220 2066 1275; x_wconf 71' lang='lat' dir='ltr'>sori-imagoad-</span> 
     </span>
     <span class='ocr_line' id='line_1_21' title="bbox 53 1266 2084 1320; baseline 0.003 -12"><span class='ocrx_word' id='word_1_224' title='bbox 53 1269 126 1308; x_wconf 85' lang='lat' dir='ltr'>bus</span> <span class='ocrx_word' id='word_1_225' title='bbox 142 1300 152 1317; x_wconf 86' lang='lat'>‚</span> <span class='ocrx_word' id='word_1_226' title='bbox 186 1279 413 1320; x_wconf 87' lang='lat' dir='ltr'>eorumque</span> <span class='ocrx_word' id='word_1_227' title='bbox 438 1266 536 1308; x_wconf 87' lang='lat' dir='ltr'>loco</span> <span class='ocrx_word' id='word_1_228' title='bbox 559 1267 692 1320; x_wconf 84' lang='lat' dir='ltr'>apside</span> <span class='ocrx_word' id='word_1_229' title='bbox 706 1268 941 1310; x_wconf 85' lang='lat' dir='ltr'>constituta.</span> <span class='ocrx_word' id='word_1_230' title='bbox 990 1270 1161 1309; x_wconf 86' lang='lat' dir='ltr'>Novum</span> <span class='ocrx_word' id='word_1_231' title='bbox 1178 1268 1313 1320; x_wconf 87' lang='lat' dir='ltr'>postea</span> <span class='ocrx_word' id='word_1_232' title='bbox 1328 1269 1593 1311; x_wconf 87' lang='lat' dir='ltr'>domicilium</span> <span class='ocrx_word' id='word_1_233' title='bbox 1610 1273 1783 1313; x_wconf 82' lang='lat' dir='ltr'>Servitae</span> <span class='ocrx_word' id='word_1_234' title='bbox 1796 1275 1889 1316; x_wconf 88' lang='lat' dir='ltr'>Fra·</span> <span class='ocrx_word' id='word_1_235' title='bbox 1903 1277 2084 1313; x_wconf 71' lang='lat' dir='ltr'>mirabiliter</span> 
     </span>
     <span class='ocr_line' id='line_1_22' title="bbox 53 1321 2037 1377; baseline 0.003 -14"><span class='ocrx_word' id='word_1_236' title='bbox 53 1334 137 1363; x_wconf 83' lang='lat' dir='ltr'>tres</span> <span class='ocrx_word' id='word_1_237' title='bbox 162 1322 296 1363; x_wconf 85' lang='lat' dir='ltr'>veteri</span> <span class='ocrx_word' id='word_1_238' title='bbox 311 1321 528 1362; x_wconf 89' lang='lat' dir='ltr'>Coenobio</span> <span class='ocrx_word' id='word_1_239' title='bbox 551 1321 765 1363; x_wconf 83' lang='lat' dir='ltr'>addidere.</span> <span class='ocrx_word' id='word_1_240' title='bbox 824 1323 908 1363; x_wconf 72' lang='lat' dir='ltr'>Alii</span> <span class='ocrx_word' id='word_1_241' title='bbox 925 1354 938 1372; x_wconf 84' lang='grc'>,</span> <span class='ocrx_word' id='word_1_242' title='bbox 977 1335 1143 1376; x_wconf 82' lang='lat' dir='ltr'>quoque</span> <span class='ocrx_word' id='word_1_243' title='bbox 1164 1336 1251 1363; x_wconf 88' lang='lat' dir='ltr'>tum</span> <span class='ocrx_word' id='word_1_244' title='bbox 1273 1324 1482 1377; x_wconf 85' lang='lat' dir='ltr'>principes</span> <span class='ocrx_word' id='word_1_245' title='bbox 1506 1326 1658 1366; x_wconf 87' lang='lat' dir='ltr'>eodem</span> <span class='ocrx_word' id='word_1_246' title='bbox 1683 1325 2037 1374; x_wconf 71' lang='lat' dir='ltr'>studioin-servata.</span> 
     </span>
     <span class='ocr_line' id='line_1_23' title="bbox 51 1374 1892 1432; baseline 0.003 -15"><span class='ocrx_word' id='word_1_247' title='bbox 51 1378 227 1418; x_wconf 82' lang='lat' dir='ltr'>struendi</span> <span class='ocrx_word' id='word_1_248' title='bbox 245 1379 376 1417; x_wconf 79' lang='lat' dir='ltr'>sacras</span> <span class='ocrx_word' id='word_1_249' title='bbox 388 1374 517 1416; x_wconf 79' lang='lat' dir='ltr'>AEdes</span> <span class='ocrx_word' id='word_1_250' title='bbox 529 1376 817 1417; x_wconf 86' lang='lat' dir='ltr'>commendati</span> <span class='ocrx_word' id='word_1_251' title='bbox 830 1379 938 1422; x_wconf 87' lang='lat' dir='ltr'>sunt.</span> <span class='ocrx_word' id='word_1_252' title='bbox 979 1380 1091 1419; x_wconf 90' lang='lat' dir='ltr'>Nam</span> <span class='ocrx_word' id='word_1_253' title='bbox 1107 1378 1289 1430; x_wconf 86' lang='lat' dir='ltr'>Joannes</span> <span class='ocrx_word' id='word_1_254' title='bbox 1304 1378 1486 1432; x_wconf 87' lang='lat' dir='ltr'>Bellajus</span> <span class='ocrx_word' id='word_1_255' title='bbox 1500 1381 1736 1421; x_wconf 86' lang='lat' dir='ltr'>Cardinalis</span> <span class='ocrx_word' id='word_1_256' title='bbox 1749 1383 1892 1423; x_wconf 86' lang='lat' dir='ltr'>Gallus</span> 
     </span>
     <span class='ocr_line' id='line_1_24' title="bbox 54 1430 1890 1484; baseline 0.003 -11"><span class='ocrx_word' id='word_1_257' title='bbox 54 1433 95 1474; x_wconf 87' lang='lat' dir='ltr'>S.</span> <span class='ocrx_word' id='word_1_258' title='bbox 126 1435 163 1472; x_wconf 81' lang='lat' dir='ltr'>A</span> <span class='ocrx_word' id='word_1_259' title='bbox 181 1433 219 1473; x_wconf 92' lang='lat' dir='ltr'><strong>D</strong></span> <span class='ocrx_word' id='word_1_260' title='bbox 238 1431 275 1472; x_wconf 85' lang='lat' dir='ltr'>R</span> <span class='ocrx_word' id='word_1_261' title='bbox 290 1431 310 1470; x_wconf 95' lang='lat' dir='ltr'>I</span> <span class='ocrx_word' id='word_1_262' title='bbox 326 1433 365 1472; x_wconf 84' lang='lat' dir='ltr'><strong>A</strong></span> <span class='ocrx_word' id='word_1_263' title='bbox 381 1430 452 1472; x_wconf 92' lang='lat' dir='ltr'>NI</span> <span class='ocrx_word' id='word_1_264' title='bbox 471 1457 484 1476; x_wconf 89' lang='grc'>,</span> <span class='ocrx_word' id='word_1_265' title='bbox 524 1442 647 1483; x_wconf 87' lang='lat' dir='ltr'>quam</span> <span class='ocrx_word' id='word_1_266' title='bbox 669 1444 892 1484; x_wconf 86' lang='lat' dir='ltr'>optaverat</span> <span class='ocrx_word' id='word_1_267' title='bbox 913 1463 926 1481; x_wconf 95' lang='lat'>‚</span> <span class='ocrx_word' id='word_1_268' title='bbox 968 1431 1122 1472; x_wconf 79' lang='lat' dir='ltr'>AEdem</span> <span class='ocrx_word' id='word_1_269' title='bbox 1147 1431 1404 1475; x_wconf 84' lang='lat' dir='ltr'>restauravit.</span> <span class='ocrx_word' id='word_1_270' title='bbox 1472 1434 1720 1476; x_wconf 84' lang='lat' dir='ltr'>Foedericus</span> <span class='ocrx_word' id='word_1_271' title='bbox 1741 1437 1890 1478; x_wconf 67' lang='lat' dir='ltr'>Caesius</span> 
     </span>
     <span class='ocr_line' id='line_1_25' title="bbox 55 1485 1888 1540; baseline 0.002 -13"><span class='ocrx_word' id='word_1_272' title='bbox 55 1486 292 1527; x_wconf 85' lang='lat' dir='ltr'>Cardinalis</span> <span class='ocrx_word' id='word_1_273' title='bbox 305 1485 550 1539; x_wconf 86' lang='lat' dir='ltr'>perelegans</span> <span class='ocrx_word' id='word_1_274' title='bbox 566 1486 792 1539; x_wconf 86' lang='lat' dir='ltr'>Templum</span> <span class='ocrx_word' id='word_1_275' title='bbox 816 1486 854 1526; x_wconf 88' lang='lat' dir='ltr'>S.</span> <span class='ocrx_word' id='word_1_276' title='bbox 883 1488 919 1526; x_wconf 91' lang='lat' dir='ltr'>C</span> <span class='ocrx_word' id='word_1_277' title='bbox 935 1487 975 1527; x_wconf 91' lang='lat' dir='ltr'>A</span> <span class='ocrx_word' id='word_1_278' title='bbox 991 1486 1032 1527; x_wconf 89' lang='lat' dir='ltr'><strong>T</strong></span> <span class='ocrx_word' id='word_1_279' title='bbox 1046 1487 1086 1527; x_wconf 90' lang='lat' dir='ltr'>H</span> <span class='ocrx_word' id='word_1_280' title='bbox 1105 1487 1140 1525; x_wconf 83' lang='lat' dir='ltr'>A</span> <span class='ocrx_word' id='word_1_281' title='bbox 1158 1487 1230 1526; x_wconf 76' lang='lat' dir='ltr'>RI</span> <span class='ocrx_word' id='word_1_282' title='bbox 1246 1489 1286 1529; x_wconf 96' lang='lat' dir='ltr'>N</span> <span class='ocrx_word' id='word_1_283' title='bbox 1301 1487 1352 1527; x_wconf 73' lang='lat' dir='ltr'>AE.</span> <span class='ocrx_word' id='word_1_284' title='bbox 1369 1518 1380 1536; x_wconf 95' lang='lat'>,</span> <span class='ocrx_word' id='word_1_285' title='bbox 1412 1488 1525 1540; x_wconf 88' lang='lat' dir='ltr'>quod</span> <span class='ocrx_word' id='word_1_286' title='bbox 1541 1491 1562 1529; x_wconf 71' lang='lat' dir='ltr'>a</span> <span class='ocrx_word' id='word_1_287' title='bbox 1580 1490 1772 1529; x_wconf 84' lang='lat' dir='ltr'>Funariis</span> <span class='ocrx_word' id='word_1_288' title='bbox 1786 1505 1888 1531; x_wconf 88' lang='lat' dir='ltr'>nun-</span> 
     </span>
     <span class='ocr_line' id='line_1_26' title="bbox 52 1539 1889 1597; baseline 0.003 -16"><span class='ocrx_word' id='word_1_289' title='bbox 52 1553 206 1594; x_wconf 78' lang='lat' dir='ltr'>cupant</span> <span class='ocrx_word' id='word_1_290' title='bbox 229 1540 272 1579; x_wconf 88' lang='lat' dir='ltr'>in</span> <span class='ocrx_word' id='word_1_291' title='bbox 298 1539 441 1580; x_wconf 87' lang='lat' dir='ltr'>medio</span> <span class='ocrx_word' id='word_1_292' title='bbox 462 1539 567 1579; x_wconf 89' lang='lat' dir='ltr'>olim</span> <span class='ocrx_word' id='word_1_293' title='bbox 585 1539 714 1579; x_wconf 86' lang='lat' dir='ltr'>Circo</span> <span class='ocrx_word' id='word_1_294' title='bbox 729 1540 944 1581; x_wconf 87' lang='lat' dir='ltr'>Flaminio</span> <span class='ocrx_word' id='word_1_295' title='bbox 960 1571 972 1590; x_wconf 90' lang='lat'>‚</span> <span class='ocrx_word' id='word_1_296' title='bbox 1005 1541 1047 1579; x_wconf 88' lang='lat'>&amp;</span> <span class='ocrx_word' id='word_1_297' title='bbox 1064 1542 1327 1582; x_wconf 86' lang='lat' dir='ltr'>Coenobium</span> <span class='ocrx_word' id='word_1_298' title='bbox 1343 1542 1522 1582; x_wconf 87' lang='lat' dir='ltr'>honestis</span> <span class='ocrx_word' id='word_1_299' title='bbox 1536 1543 1711 1595; x_wconf 81' lang='lat' dir='ltr'>puellis,</span> <span class='ocrx_word' id='word_1_300' title='bbox 1741 1546 1889 1597; x_wconf 90' lang='lat' dir='ltr'>quibus</span> 
     </span>
     <span class='ocr_line' id='line_1_27' title="bbox 50 1593 1883 1650; baseline 0.002 -15"><span class='ocrx_word' id='word_1_301' title='bbox 50 1595 392 1646; x_wconf 85' lang='lat' dir='ltr'>periclitantibus</span> <span class='ocrx_word' id='word_1_302' title='bbox 414 1596 456 1636; x_wconf 88' lang='lat' dir='ltr'>S.</span> <span class='ocrx_word' id='word_1_303' title='bbox 471 1593 626 1646; x_wconf 88' lang='lat' dir='ltr'>Ignatii</span> <span class='ocrx_word' id='word_1_304' title='bbox 644 1593 810 1645; x_wconf 83' lang='lat' dir='ltr'>Lojolae</span> <span class='ocrx_word' id='word_1_305' title='bbox 833 1594 998 1634; x_wconf 90' lang='lat' dir='ltr'>monitu</span> <span class='ocrx_word' id='word_1_306' title='bbox 1018 1594 1074 1647; x_wconf 90' lang='lat' dir='ltr'>pii</span> <span class='ocrx_word' id='word_1_307' title='bbox 1098 1596 1289 1636; x_wconf 87' lang='lat' dir='ltr'>homines</span> <span class='ocrx_word' id='word_1_308' title='bbox 1301 1596 1618 1649; x_wconf 80' lang='lat' dir='ltr'>providerejam</span> <span class='ocrx_word' id='word_1_309' title='bbox 1634 1612 1883 1650; x_wconf 81' lang='lat' dir='ltr'>coeperant,</span> 
     </span>
     <span class='ocr_line' id='line_1_28' title="bbox 43 1647 1881 1704; baseline 0.003 -14"><span class='ocrx_word' id='word_1_310' title='bbox 43 1650 241 1690; x_wconf 84' lang='lat' dir='ltr'>extruxit.</span> <span class='ocrx_word' id='word_1_311' title='bbox 285 1649 333 1688; x_wconf 86' lang='lat' dir='ltr'>In</span> <span class='ocrx_word' id='word_1_312' title='bbox 348 1648 518 1689; x_wconf 77' lang='lat' dir='ltr'>Basilica</span> <span class='ocrx_word' id='word_1_313' title='bbox 533 1647 759 1689; x_wconf 84' lang='lat' dir='ltr'>Liberiana</span> <span class='ocrx_word' id='word_1_314' title='bbox 772 1649 1009 1689; x_wconf 88' lang='lat' dir='ltr'>Sacellum:</span> <span class='ocrx_word' id='word_1_315' title='bbox 1035 1650 1212 1690; x_wconf 88' lang='lat' dir='ltr'>alterum</span> <span class='ocrx_word' id='word_1_316' title='bbox 1230 1651 1271 1689; x_wconf 91' lang='lat' dir='ltr'>in</span> <span class='ocrx_word' id='word_1_317' title='bbox 1289 1650 1592 1703; x_wconf 83' lang='lat' dir='ltr'>AEdepaciferae</span> <span class='ocrx_word' id='word_1_318' title='bbox 1608 1653 1797 1704; x_wconf 82' lang='lat' dir='ltr'>Virginis</span> <span class='ocrx_word' id='word_1_319' title='bbox 1809 1654 1881 1694; x_wconf 86' lang='lat' dir='ltr'>de·-</span> 
     </span>
     <span class='ocr_line' id='line_1_29' title="bbox 44 1702 1880 1758; baseline 0.002 -13"><span class='ocrx_word' id='word_1_320' title='bbox 44 1704 217 1746; x_wconf 87' lang='lat' dir='ltr'>dicavit.</span> <span class='ocrx_word' id='word_1_321' title='bbox 264 1703 512 1756; x_wconf 87' lang='lat' dir='ltr'>Rodulphus</span> <span class='ocrx_word' id='word_1_322' title='bbox 536 1715 638 1742; x_wconf 88' lang='lat' dir='ltr'>vero</span> <span class='ocrx_word' id='word_1_323' title='bbox 655 1702 752 1743; x_wconf 87' lang='lat' dir='ltr'>Pius</span> <span class='ocrx_word' id='word_1_324' title='bbox 767 1703 1260 1757; x_wconf 85' lang='lat' dir='ltr'>CardinalisCarpenfis‚</span> <span class='ocrx_word' id='word_1_325' title='bbox 1294 1705 1356 1745; x_wconf 91' lang='lat' dir='ltr'>vir</span> <span class='ocrx_word' id='word_1_326' title='bbox 1368 1707 1417 1744; x_wconf 89' lang='lat' dir='ltr'>ad</span> <span class='ocrx_word' id='word_1_327' title='bbox 1434 1707 1592 1746; x_wconf 87' lang='lat' dir='ltr'>cultum</span> <span class='ocrx_word' id='word_1_328' title='bbox 1607 1706 1849 1748; x_wconf 85' lang='lat' dir='ltr'>litter-arum</span> <span class='ocrx_word' id='word_1_329' title='bbox 1866 1739 1880 1758; x_wconf 93' lang='lat'>‚</span> 
     </span>
     <span class='ocr_line' id='line_1_30' title="bbox 44 1756 1879 1813; baseline 0.002 -15"><span class='ocrx_word' id='word_1_330' title='bbox 44 1759 88 1798; x_wconf 67' lang='grc' dir='ltr'>δε</span> <span class='ocrx_word' id='word_1_331' title='bbox 104 1761 260 1799; x_wconf 89' lang='lat' dir='ltr'>summa</span> <span class='ocrx_word' id='word_1_332' title='bbox 274 1758 414 1798; x_wconf 90' lang='lat' dir='ltr'>omnia</span> <span class='ocrx_word' id='word_1_333' title='bbox 430 1770 571 1806; x_wconf 77' lang='lat' dir='ltr'>natuS,</span> <span class='ocrx_word' id='word_1_334' title='bbox 606 1756 821 1798; x_wconf 89' lang='lat' dir='ltr'>Romanas</span> <span class='ocrx_word' id='word_1_335' title='bbox 836 1788 848 1806; x_wconf 92' lang='lat'>‚</span> <span class='ocrx_word' id='word_1_336' title='bbox 877 1758 1137 1811; x_wconf 88' lang='lat' dir='ltr'>aliarumque</span> <span class='ocrx_word' id='word_1_337' title='bbox 1150 1759 1337 1810; x_wconf 80' lang='lat' dir='ltr'>gentium</span> <span class='ocrx_word' id='word_1_338' title='bbox 1353 1760 1625 1813; x_wconf 83' lang='lat' dir='ltr'>antiquitates</span> <span class='ocrx_word' id='word_1_339' title='bbox 1636 1775 1785 1813; x_wconf 84' lang='lat' dir='ltr'>magna</span> <span class='ocrx_word' id='word_1_340' title='bbox 1798 1763 1879 1802; x_wconf 89' lang='lat' dir='ltr'>im-</span> 
     </span>
     <span class='ocr_line' id='line_1_31' title="bbox 40 1811 1876 1866; baseline 0.003 -14"><span class='ocrx_word' id='word_1_341' title='bbox 40 1815 164 1866; x_wconf 83' lang='lat' dir='ltr'>pensa</span> <span class='ocrx_word' id='word_1_342' title='bbox 185 1813 398 1866; x_wconf 81' lang='lat' dir='ltr'>congeffit.</span> <span class='ocrx_word' id='word_1_343' title='bbox 443 1813 532 1854; x_wconf 87' lang='lat' dir='ltr'>Has</span> <span class='ocrx_word' id='word_1_344' title='bbox 556 1812 652 1852; x_wconf 76' lang='lat' dir='ltr'>cum</span> <span class='ocrx_word' id='word_1_345' title='bbox 678 1813 720 1852; x_wconf 86' lang='lat' dir='ltr'>in</span> <span class='ocrx_word' id='word_1_346' title='bbox 737 1811 1146 1864; x_wconf 80' lang='lat' dir='ltr'>AEdibusmagnificis</span> <span class='ocrx_word' id='word_1_347' title='bbox 1161 1815 1201 1852; x_wconf 89' lang='lat' dir='ltr'>in</span> <span class='ocrx_word' id='word_1_348' title='bbox 1217 1813 1391 1865; x_wconf 80' lang='lat' dir='ltr'>regione</span> <span class='ocrx_word' id='word_1_349' title='bbox 1409 1814 1561 1865; x_wconf 85' lang='lat' dir='ltr'>Campi</span> <span class='ocrx_word' id='word_1_350' title='bbox 1581 1816 1752 1864; x_wconf 82' lang='lat' dir='ltr'>Martii,</span> <span class='ocrx_word' id='word_1_351' title='bbox 1786 1829 1876 1857; x_wconf 89' lang='lat' dir='ltr'>tum</span> 
     </span>
     <span class='ocr_line' id='line_1_32' title="bbox 43 1865 1882 1923; baseline 0.002 -15"><span class='ocrx_word' id='word_1_352' title='bbox 43 1868 193 1909; x_wconf 88' lang='lat' dir='ltr'>Hortis</span> <span class='ocrx_word' id='word_1_353' title='bbox 205 1866 495 1922; x_wconf 78' lang='lat' dir='ltr'>Quirinalibus</span> <span class='ocrx_word' id='word_1_354' title='bbox 508 1865 705 1919; x_wconf 76' lang='lat' dir='ltr'>exquisite</span> <span class='ocrx_word' id='word_1_355' title='bbox 722 1866 936 1920; x_wconf 89' lang='lat' dir='ltr'>disposuit.</span> <span class='ocrx_word' id='word_1_356' title='bbox 986 1867 1045 1906; x_wconf 84' lang='lat' dir='ltr'>Ea</span> <span class='ocrx_word' id='word_1_357' title='bbox 1058 1867 1227 1921; x_wconf 86' lang='lat' dir='ltr'>quidem</span> <span class='ocrx_word' id='word_1_358' title='bbox 1244 1880 1365 1908; x_wconf 82' lang='lat' dir='ltr'>aetate</span> <span class='ocrx_word' id='word_1_359' title='bbox 1380 1868 1483 1908; x_wconf 82' lang='lat' dir='ltr'>nihil</span> <span class='ocrx_word' id='word_1_360' title='bbox 1501 1869 1652 1910; x_wconf 85' lang='lat' dir='ltr'>Hortis</span> <span class='ocrx_word' id='word_1_361' title='bbox 1668 1871 1882 1923; x_wconf 85' lang='lat' dir='ltr'>Carpensi-</span> 
     </span>
     <span class='ocr_line' id='line_1_33' title="bbox 43 1919 1277 1973; baseline 0 -11"><span class='ocrx_word' id='word_1_362' title='bbox 43 1922 358 1971; x_wconf 80' lang='lat' dir='ltr'>buscelebriuS,</span> <span class='ocrx_word' id='word_1_363' title='bbox 392 1919 921 1973; x_wconf 79' lang='lat' dir='ltr'>autamoeniusscriptores</span> <span class='ocrx_word' id='word_1_364' title='bbox 936 1919 1277 1962; x_wconf 81' lang='lat' dir='ltr'>fuiffetestantur.</span> 
     </span>
    </p>

    <p class='ocr_par' dir='ltr' id='par_1_4' title="bbox 34 1974 2092 2946">
     <span class='ocr_line' id='line_1_34' title="bbox 100 1974 1881 2030; baseline 0.002 -13"><span class='ocrx_word' id='word_1_365' title='bbox 100 1978 283 2030; x_wconf 86' lang='lat' dir='ltr'>Sequuta</span> <span class='ocrx_word' id='word_1_366' title='bbox 298 1979 388 2016; x_wconf 87' lang='lat' dir='ltr'>sunt</span> <span class='ocrx_word' id='word_1_367' title='bbox 407 1976 506 2029; x_wconf 78' lang='lat' dir='ltr'>julii</span> <span class='ocrx_word' id='word_1_368' title='bbox 529 1974 578 2015; x_wconf 90' lang='grc' dir='ltr'>ΙΙ</span> <span class='ocrx_word' id='word_1_369' title='bbox 593 1974 626 2015; x_wconf 91' lang='grc' dir='ltr'>Ι.</span> <span class='ocrx_word' id='word_1_370' title='bbox 655 1976 881 2029; x_wconf 87' lang='lat' dir='ltr'>tranquilla</span> <span class='ocrx_word' id='word_1_371' title='bbox 899 1976 1047 2016; x_wconf 79' lang='lat' dir='ltr'>Romae</span> <span class='ocrx_word' id='word_1_372' title='bbox 1061 1988 1269 2028; x_wconf 84' lang='lat' dir='ltr'>tempora.</span> <span class='ocrx_word' id='word_1_373' title='bbox 1318 1976 1373 2017; x_wconf 80' lang='lat' dir='ltr'>Et</span> <span class='ocrx_word' id='word_1_374' title='bbox 1388 1976 1460 2016; x_wconf 87' lang='lat' dir='ltr'>ille</span> <span class='ocrx_word' id='word_1_375' title='bbox 1477 2008 1486 2023; x_wconf 91' lang='lat'>,</span> <span class='ocrx_word' id='word_1_376' title='bbox 1523 1977 1592 2017; x_wconf 85' lang='lat' dir='ltr'>etsi</span> <span class='ocrx_word' id='word_1_377' title='bbox 1609 1992 1688 2017; x_wconf 85' lang='lat' dir='ltr'>non</span> <span class='ocrx_word' id='word_1_378' title='bbox 1703 1980 1881 2021; x_wconf 87' lang='lat' dir='ltr'>multum</span> 
     </span>
     <span class='ocr_line' id='line_1_35' title="bbox 41 2030 2078 2107; baseline 0.002 -35"><span class='ocrx_word' id='word_1_379' title='bbox 41 2032 81 2072; x_wconf 87' lang='lat' dir='ltr'>in</span> <span class='ocrx_word' id='word_1_380' title='bbox 102 2032 250 2080; x_wconf 84' lang='lat' dir='ltr'>Urbe,</span> <span class='ocrx_word' id='word_1_381' title='bbox 281 2031 321 2070; x_wconf 86' lang='lat' dir='ltr'>in</span> <span class='ocrx_word' id='word_1_382' title='bbox 345 2030 539 2070; x_wconf 88' lang='lat' dir='ltr'>suburbio</span> <span class='ocrx_word' id='word_1_383' title='bbox 566 2043 707 2070; x_wconf 83' lang='lat' dir='ltr'>tamen</span> <span class='ocrx_word' id='word_1_384' title='bbox 730 2031 803 2070; x_wconf 82' lang='lat' dir='ltr'>viae</span> <span class='ocrx_word' id='word_1_385' title='bbox 823 2030 1036 2070; x_wconf 80' lang='lat' dir='ltr'>Flaminiae</span> <span class='ocrx_word' id='word_1_386' title='bbox 1061 2030 1307 2070; x_wconf 73' lang='lat' dir='ltr'>Praetorium</span> <span class='ocrx_word' id='word_1_387' title='bbox 1334 2031 1377 2069; x_wconf 76' lang='grc' dir='ltr'>δε</span> <span class='ocrx_word' id='word_1_388' title='bbox 1401 2032 1472 2071; x_wconf 92' lang='lat' dir='ltr'>VI</span> <span class='ocrx_word' id='word_1_389' title='bbox 1489 2031 1520 2070; x_wconf 94' lang='lat' dir='ltr'>L</span> <span class='ocrx_word' id='word_1_390' title='bbox 1538 2031 1573 2070; x_wconf 95' lang='lat' dir='ltr'>L</span> <span class='ocrx_word' id='word_1_391' title='bbox 1592 2034 1628 2072; x_wconf 85' lang='lat' dir='ltr'>A</span> <span class='ocrx_word' id='word_1_392' title='bbox 1648 2034 1695 2072; x_wconf 88' lang='lat' dir='ltr'><strong>M</strong></span> <span class='ocrx_word' id='word_1_393' title='bbox 1724 2035 1878 2086; x_wconf 88' lang='lat' dir='ltr'>Juliam</span> <span class='ocrx_word' id='word_1_394' title='bbox 1898 2056 2078 2107; x_wconf 45' lang='lat' dir='ltr'>Vsslffulid</span> 
     </span>
     <span class='ocr_line' id='line_1_36' title="bbox 41 2083 2092 2140; baseline 0.002 -13"><span class='ocrx_word' id='word_1_395' title='bbox 41 2086 252 2139; x_wconf 80' lang='lat' dir='ltr'>hodieque</span> <span class='ocrx_word' id='word_1_396' title='bbox 278 2086 491 2134; x_wconf 88' lang='lat' dir='ltr'>nobilem,</span> <span class='ocrx_word' id='word_1_397' title='bbox 525 2085 739 2126; x_wconf 76' lang='lat' dir='ltr'>Michaele</span> <span class='ocrx_word' id='word_1_398' title='bbox 755 2083 926 2138; x_wconf 82' lang='lat' dir='ltr'>Angelo</span> <span class='ocrx_word' id='word_1_399' title='bbox 950 2084 1160 2136; x_wconf 83' lang='lat' dir='ltr'>dirigente</span> <span class='ocrx_word' id='word_1_400' title='bbox 1184 2085 1390 2126; x_wconf 80' lang='lat' dir='ltr'>extruxit:</span> <span class='ocrx_word' id='word_1_401' title='bbox 1423 2086 1507 2138; x_wconf 74' lang='lat' dir='ltr'>quo</span> <span class='ocrx_word' id='word_1_402' title='bbox 1529 2100 1621 2127; x_wconf 88' lang='lat' dir='ltr'>cum</span> <span class='ocrx_word' id='word_1_403' title='bbox 1641 2087 1880 2140; x_wconf 73' lang='lat' dir='ltr'>Pul-puratis</span> <span class='ocrx_word' id='word_1_404' title='bbox 1944 2084 1950 2092; x_wconf 84' lang='grc'><strong>’</strong></span> <span class='ocrx_word' id='word_1_405' title='bbox 2082 2084 2092 2095; x_wconf 76' lang='grc'><strong><em>’</em></strong></span> 
     </span>
     <span class='ocr_line' id='line_1_37' title="bbox 41 2138 1879 2194; baseline 0.001 -12"><span class='ocrx_word' id='word_1_406' title='bbox 41 2140 238 2182; x_wconf 86' lang='lat' dir='ltr'>Patribus</span> <span class='ocrx_word' id='word_1_407' title='bbox 270 2139 517 2194; x_wconf 82' lang='lat' dir='ltr'>frequenter</span> <span class='ocrx_word' id='word_1_408' title='bbox 548 2139 798 2180; x_wconf 85' lang='lat' dir='ltr'>conveniret</span> <span class='ocrx_word' id='word_1_409' title='bbox 823 2171 834 2188; x_wconf 88' lang='lat'>,</span> <span class='ocrx_word' id='word_1_410' title='bbox 876 2138 1110 2191; x_wconf 86' lang='lat' dir='ltr'>leniretque</span> <span class='ocrx_word' id='word_1_411' title='bbox 1132 2138 1402 2179; x_wconf 85' lang='lat' dir='ltr'>incommoda</span> <span class='ocrx_word' id='word_1_412' title='bbox 1424 2140 1661 2181; x_wconf 67' lang='lat' dir='ltr'>senestutis.</span> <span class='ocrx_word' id='word_1_413' title='bbox 1717 2143 1879 2185; x_wconf 71' lang='lat' dir='ltr'>Villam</span> 
     </span>
     <span class='ocr_line' id='line_1_38' title="bbox 41 2194 1876 2247; baseline 0.002 -12"><span class='ocrx_word' id='word_1_414' title='bbox 41 2210 167 2247; x_wconf 82' lang='lat' dir='ltr'>porro</span> <span class='ocrx_word' id='word_1_415' title='bbox 190 2196 368 2235; x_wconf 86' lang='lat' dir='ltr'>alteram</span> <span class='ocrx_word' id='word_1_416' title='bbox 393 2195 466 2233; x_wconf 64' lang='grc' dir='ltr'>[ατε</span> <span class='ocrx_word' id='word_1_417' title='bbox 487 2194 767 2247; x_wconf 72' lang='lat' dir='ltr'>propinquam</span> <span class='ocrx_word' id='word_1_418' title='bbox 792 2194 1010 2233; x_wconf 79' lang='lat' dir='ltr'>arboribus</span> <span class='ocrx_word' id='word_1_419' title='bbox 1034 2194 1265 2246; x_wconf 82' lang='lat' dir='ltr'>vinetisque</span> <span class='ocrx_word' id='word_1_420' title='bbox 1293 2208 1505 2235; x_wconf 79' lang='lat' dir='ltr'>amoenam</span> <span class='ocrx_word' id='word_1_421' title='bbox 1523 2225 1534 2243; x_wconf 94' lang='lat'>,</span> <span class='ocrx_word' id='word_1_422' title='bbox 1571 2199 1611 2236; x_wconf 58' lang='grc' dir='ltr'>ἃ</span> <span class='ocrx_word' id='word_1_423' title='bbox 1628 2195 1876 2239; x_wconf 54' lang='lat' dir='ltr'>fructuosam</span> 
     </span>
     <span class='ocr_line' id='line_1_39' title="bbox 41 2248 1877 2304; baseline 0.001 -14"><span class='ocrx_word' id='word_1_424' title='bbox 41 2250 193 2304; x_wconf 87' lang='lat' dir='ltr'>Joanni</span> <span class='ocrx_word' id='word_1_425' title='bbox 216 2249 376 2301; x_wconf 77' lang='lat' dir='ltr'>Poggio</span> <span class='ocrx_word' id='word_1_426' title='bbox 392 2249 608 2289; x_wconf 82' lang='lat' dir='ltr'>Cardinali</span> <span class='ocrx_word' id='word_1_427' title='bbox 627 2248 876 2288; x_wconf 76' lang='lat' dir='ltr'>Bononiensi</span> <span class='ocrx_word' id='word_1_428' title='bbox 892 2248 1100 2302; x_wconf 66' lang='lat' dir='ltr'>AEdesque</span> <span class='ocrx_word' id='word_1_429' title='bbox 1117 2248 1220 2287; x_wconf 84' lang='lat' dir='ltr'>inibi</span> <span class='ocrx_word' id='word_1_430' title='bbox 1237 2248 1500 2301; x_wconf 83' lang='lat' dir='ltr'>perlegantes</span> <span class='ocrx_word' id='word_1_431' title='bbox 1514 2249 1647 2290; x_wconf 82' lang='lat' dir='ltr'>dedit.</span> <span class='ocrx_word' id='word_1_432' title='bbox 1693 2253 1775 2303; x_wconf 85' lang='lat' dir='ltr'>Qui</span> <span class='ocrx_word' id='word_1_433' title='bbox 1793 2266 1877 2292; x_wconf 87' lang='lat' dir='ltr'>non</span> 
     </span>
     <span class='ocr_line' id='line_1_40' title="bbox 39 2302 1877 2353; baseline 0.001 -8"><span class='ocrx_word' id='word_1_434' title='bbox 39 2305 218 2345; x_wconf 84' lang='lat' dir='ltr'>diffimili</span> <span class='ocrx_word' id='word_1_435' title='bbox 235 2303 636 2343; x_wconf 71' lang='lat' dir='ltr'>munificentiaalisis</span> <span class='ocrx_word' id='word_1_436' title='bbox 652 2303 690 2342; x_wconf 87' lang='lat' dir='ltr'>in</span> <span class='ocrx_word' id='word_1_437' title='bbox 712 2303 835 2344; x_wconf 68' lang='lat' dir='ltr'>Urbe</span> <span class='ocrx_word' id='word_1_438' title='bbox 851 2302 1091 2343; x_wconf 77' lang='lat' dir='ltr'>fabricavit.</span> <span class='ocrx_word' id='word_1_439' title='bbox 1139 2303 1322 2353; x_wconf 11' lang='lat' dir='ltr'>*Ioannes</span> <span class='ocrx_word' id='word_1_440' title='bbox 1338 2317 1436 2342; x_wconf 79' lang='lat' dir='ltr'>vero</span> <span class='ocrx_word' id='word_1_441' title='bbox 1456 2305 1683 2344; x_wconf 66' lang='lat' dir='ltr'>Ricciusab</span> <span class='ocrx_word' id='word_1_442' title='bbox 1701 2319 1749 2344; x_wconf 88' lang='lat' dir='ltr'>eo</span> <span class='ocrx_word' id='word_1_443' title='bbox 1767 2307 1877 2346; x_wconf 86' lang='lat' dir='ltr'>Pon-</span> 
     </span>
     <span class='ocr_line' id='line_1_41' title="bbox 38 2356 1875 2410; baseline 0.001 -10"><span class='ocrx_word' id='word_1_444' title='bbox 38 2361 154 2400; x_wconf 79' lang='lat' dir='ltr'>tifice</span> <span class='ocrx_word' id='word_1_445' title='bbox 177 2358 307 2398; x_wconf 65' lang='lat' dir='ltr'>dietus</span> <span class='ocrx_word' id='word_1_446' title='bbox 333 2357 570 2398; x_wconf 86' lang='lat' dir='ltr'>Cardinalis</span> <span class='ocrx_word' id='word_1_447' title='bbox 592 2356 788 2397; x_wconf 79' lang='lat' dir='ltr'>eximiam</span> <span class='ocrx_word' id='word_1_448' title='bbox 814 2356 985 2397; x_wconf 81' lang='lat' dir='ltr'>domurn</span> <span class='ocrx_word' id='word_1_449' title='bbox 1007 2357 1048 2396; x_wconf 87' lang='lat' dir='ltr'>in</span> <span class='ocrx_word' id='word_1_450' title='bbox 1077 2356 1142 2397; x_wconf 86' lang='lat' dir='ltr'>via</span> <span class='ocrx_word' id='word_1_451' title='bbox 1163 2357 1266 2409; x_wconf 81' lang='lat' dir='ltr'>Julia</span> <span class='ocrx_word' id='word_1_452' title='bbox 1285 2388 1295 2406; x_wconf 87' lang='lat'>‚</span> <span class='ocrx_word' id='word_1_453' title='bbox 1329 2357 1444 2408; x_wconf 77' lang='lat' dir='ltr'>cujus</span> <span class='ocrx_word' id='word_1_454' title='bbox 1468 2359 1875 2410; x_wconf 68' lang='lat' dir='ltr'>posticaHortoz-um</span> 
     </span>
     <span class='ocr_line' id='line_1_42' title="bbox 39 2411 1875 2469; baseline 0.001 -14"><span class='ocrx_word' id='word_1_455' title='bbox 39 2424 132 2469; x_wconf 79' lang='lat' dir='ltr'>pars</span> <span class='ocrx_word' id='word_1_456' title='bbox 155 2412 301 2454; x_wconf 85' lang='lat' dir='ltr'>Tiberi</span> <span class='ocrx_word' id='word_1_457' title='bbox 335 2411 506 2452; x_wconf 85' lang='lat' dir='ltr'>alluitur</span> <span class='ocrx_word' id='word_1_458' title='bbox 535 2427 544 2453; x_wconf 92' lang='lat'>:</span> <span class='ocrx_word' id='word_1_459' title='bbox 589 2412 638 2452; x_wconf 88' lang='lat' dir='ltr'>In</span> <span class='ocrx_word' id='word_1_460' title='bbox 665 2412 877 2452; x_wconf 80' lang='lat' dir='ltr'>Vaticano</span> <span class='ocrx_word' id='word_1_461' title='bbox 901 2443 914 2461; x_wconf 85' lang='lat'>‚</span> <span class='ocrx_word' id='word_1_462' title='bbox 953 2411 1273 2452; x_wconf 79' lang='lat' dir='ltr'>ascendentibus</span> <span class='ocrx_word' id='word_1_463' title='bbox 1295 2412 1452 2452; x_wconf 90' lang='lat' dir='ltr'>clivum</span> <span class='ocrx_word' id='word_1_464' title='bbox 1480 2413 1691 2453; x_wconf 84' lang='lat' dir='ltr'>Pontificii</span> <span class='ocrx_word' id='word_1_465' title='bbox 1726 2415 1875 2456; x_wconf 82' lang='lat' dir='ltr'>Palatii</span> 
     </span>
     <span class='ocr_line' id='line_1_43' title="bbox 38 2466 2067 2522; baseline 0 -13"><span class='ocrx_word' id='word_1_466' title='bbox 38 2470 158 2512; x_wconf 81' lang='lat' dir='ltr'>AEdes</span> <span class='ocrx_word' id='word_1_467' title='bbox 173 2468 352 2521; x_wconf 87' lang='lat' dir='ltr'>primum</span> <span class='ocrx_word' id='word_1_468' title='bbox 367 2478 651 2515; x_wconf 78' lang='lat' dir='ltr'>occurrentes,</span> <span class='ocrx_word' id='word_1_469' title='bbox 672 2467 1021 2518; x_wconf 81' lang='lat' dir='ltr'>imminentesque</span> <span class='ocrx_word' id='word_1_470' title='bbox 1040 2466 1392 2506; x_wconf 68' lang='lat' dir='ltr'>Praemnanorum</span> <span class='ocrx_word' id='word_1_471' title='bbox 1410 2467 1671 2509; x_wconf 81' lang='lat' dir='ltr'>stationibus:</span> <span class='ocrx_word' id='word_1_472' title='bbox 1689 2469 1736 2508; x_wconf 80' lang='lat' dir='ltr'>Iu</span> <span class='ocrx_word' id='word_1_473' title='bbox 1756 2483 1876 2509; x_wconf 85' lang='lat' dir='ltr'>mon-</span> <span class='ocrx_word' id='word_1_474' title='bbox 1889 2487 2067 2522; x_wconf 40' lang='lat' dir='ltr'>Pretorium</span> 
     </span>
     <span class='ocr_line' id='line_1_44' title="bbox 37 2517 2090 2577; baseline -0.002 -11"><span class='ocrx_word' id='word_1_475' title='bbox 37 2539 80 2566; x_wconf 89' lang='lat' dir='ltr'>te</span> <span class='ocrx_word' id='word_1_476' title='bbox 116 2522 266 2566; x_wconf 87' lang='lat' dir='ltr'>Pincio</span> <span class='ocrx_word' id='word_1_477' title='bbox 298 2534 486 2562; x_wconf 88' lang='lat' dir='ltr'>veterem</span> <span class='ocrx_word' id='word_1_478' title='bbox 516 2520 815 2561; x_wconf 84' lang='lat' dir='ltr'>amoenitatem</span> <span class='ocrx_word' id='word_1_479' title='bbox 852 2521 1054 2562; x_wconf 83' lang='lat' dir='ltr'>excitavit</span> <span class='ocrx_word' id='word_1_480' title='bbox 1080 2552 1090 2569; x_wconf 86' lang='lat'>,</span> <span class='ocrx_word' id='word_1_481' title='bbox 1138 2534 1261 2574; x_wconf 88' lang='lat' dir='ltr'>quam</span> <span class='ocrx_word' id='word_1_482' title='bbox 1302 2521 1440 2573; x_wconf 80' lang='lat' dir='ltr'>postea</span> <span class='ocrx_word' id='word_1_483' title='bbox 1478 2523 1690 2562; x_wconf 72' lang='lat' dir='ltr'>Hetruriae</span> <span class='ocrx_word' id='word_1_484' title='bbox 1724 2524 1870 2577; x_wconf 76' lang='lat' dir='ltr'>Magni</span> <span class='ocrx_word' id='word_1_485' title='bbox 1893 2517 2090 2574; x_wconf 55' lang='lat' dir='ltr'>&amp;Hormi</span> 
     </span>
     <span class='ocr_line' id='line_1_45' title="bbox 37 2575 2086 2626; baseline 0.001 -8"><span class='ocrx_word' id='word_1_486' title='bbox 37 2582 179 2622; x_wconf 82' lang='lat' dir='ltr'>Duces</span> <span class='ocrx_word' id='word_1_487' title='bbox 210 2589 424 2617; x_wconf 81' lang='lat' dir='ltr'>auxerunt.</span> <span class='ocrx_word' id='word_1_488' title='bbox 478 2575 590 2617; x_wconf 73' lang='lat' dir='ltr'>Pauli</span> <span class='ocrx_word' id='word_1_489' title='bbox 618 2575 706 2616; x_wconf 88' lang='lat' dir='ltr'>IV.</span> <span class='ocrx_word' id='word_1_490' title='bbox 733 2575 989 2616; x_wconf 72' lang='lat' dir='ltr'>pontificatu</span> <span class='ocrx_word' id='word_1_491' title='bbox 1017 2576 1293 2625; x_wconf 80' lang='lat' dir='ltr'>Neapolitani</span> <span class='ocrx_word' id='word_1_492' title='bbox 1328 2576 1468 2626; x_wconf 77' lang='lat' dir='ltr'>potius</span> <span class='ocrx_word' id='word_1_493' title='bbox 1490 2576 1746 2617; x_wconf 80' lang='lat' dir='ltr'>detrimenta</span> <span class='ocrx_word' id='word_1_494' title='bbox 1772 2580 1871 2619; x_wconf 81' lang='lat' dir='ltr'>belli</span> <span class='ocrx_word' id='word_1_495' title='bbox 1893 2590 2086 2625; x_wconf 68' lang='lat' dir='ltr'>Pinciooelle.</span> 
     </span>
     <span class='ocr_line' id='line_1_46' title="bbox 39 2630 1874 2685; baseline 0 -11"><span class='ocrx_word' id='word_1_496' title='bbox 39 2635 180 2675; x_wconf 78' lang='lat' dir='ltr'>Roma</span> <span class='ocrx_word' id='word_1_497' title='bbox 217 2630 391 2683; x_wconf 83' lang='lat' dir='ltr'>pertulit</span> <span class='ocrx_word' id='word_1_498' title='bbox 415 2661 425 2679; x_wconf 89' lang='lat'><strong>,</strong></span> <span class='ocrx_word' id='word_1_499' title='bbox 468 2643 591 2683; x_wconf 89' lang='lat' dir='ltr'>quam</span> <span class='ocrx_word' id='word_1_500' title='bbox 616 2631 779 2685; x_wconf 86' lang='lat' dir='ltr'>paravit</span> <span class='ocrx_word' id='word_1_501' title='bbox 799 2630 909 2682; x_wconf 79' lang='lat' dir='ltr'>pacis</span> <span class='ocrx_word' id='word_1_502' title='bbox 933 2642 1229 2669; x_wconf 77' lang='lat' dir='ltr'>ornamentum</span> <span class='ocrx_word' id='word_1_503' title='bbox 1258 2645 1266 2668; x_wconf 75' lang='grc' dir='ltr'><em>τ</em></span> <span class='ocrx_word' id='word_1_504' title='bbox 1314 2631 1435 2670; x_wconf 82' lang='lat' dir='ltr'>Tunc</span> <span class='ocrx_word' id='word_1_505' title='bbox 1457 2644 1600 2671; x_wconf 77' lang='lat' dir='ltr'>tamen</span> <span class='ocrx_word' id='word_1_506' title='bbox 1624 2633 1809 2683; x_wconf 83' lang='lat' dir='ltr'>pluribus</span> <span class='ocrx_word' id='word_1_507' title='bbox 1832 2635 1874 2674; x_wconf 86' lang='lat' dir='ltr'>in</span> 
     </span>
     <span class='ocr_line' id='line_1_47' title="bbox 36 2683 1874 2737; baseline -0.001 -9"><span class='ocrx_word' id='word_1_508' title='bbox 36 2689 143 2728; x_wconf 83' lang='lat' dir='ltr'>locis</span> <span class='ocrx_word' id='word_1_509' title='bbox 161 2687 212 2728; x_wconf 86' lang='lat' dir='ltr'>ad</span> <span class='ocrx_word' id='word_1_510' title='bbox 231 2684 363 2728; x_wconf 86' lang='lat' dir='ltr'>Urbis</span> <span class='ocrx_word' id='word_1_511' title='bbox 386 2685 546 2725; x_wconf 85' lang='lat' dir='ltr'>moenia</span> <span class='ocrx_word' id='word_1_512' title='bbox 569 2685 725 2725; x_wconf 61' lang='lat' dir='ltr'>struc‘iae</span> <span class='ocrx_word' id='word_1_513' title='bbox 748 2686 1007 2724; x_wconf 84' lang='lat' dir='ltr'>munitiones</span> <span class='ocrx_word' id='word_1_514' title='bbox 1023 2715 1033 2733; x_wconf 89' lang='lat'>‚</span> <span class='ocrx_word' id='word_1_515' title='bbox 1070 2686 1110 2723; x_wconf 63' lang='grc' dir='ltr'>ἃ*</span> <span class='ocrx_word' id='word_1_516' title='bbox 1139 2683 1426 2737; x_wconf 67' lang='lat' dir='ltr'>inquisitionis</span> <span class='ocrx_word' id='word_1_517' title='bbox 1448 2684 1498 2724; x_wconf 60' lang='lat' dir='ltr'>A}</span> <span class='ocrx_word' id='word_1_518' title='bbox 1517 2688 1555 2726; x_wconf 88' lang='lat' dir='ltr'>D</span> <span class='ocrx_word' id='word_1_519' title='bbox 1574 2687 1606 2725; x_wconf 71' lang='lat' dir='ltr'>E</span> <span class='ocrx_word' id='word_1_520' title='bbox 1623 2688 1646 2726; x_wconf 77' lang='lat' dir='ltr'>S</span> <span class='ocrx_word' id='word_1_521' title='bbox 1675 2701 1789 2726; x_wconf 57' lang='lat' dir='ltr'>novae</span> <span class='ocrx_word' id='word_1_522' title='bbox 1812 2688 1874 2727; x_wconf 85' lang='lat' dir='ltr'>in-</span> 
     </span>
     <span class='ocr_line' id='line_1_48' title="bbox 35 2739 1874 2793; baseline -0.001 -9"><span class='ocrx_word' id='word_1_523' title='bbox 35 2744 197 2784; x_wconf 78' lang='lat' dir='ltr'>choatae</span> <span class='ocrx_word' id='word_1_524' title='bbox 227 2756 236 2781; x_wconf 91' lang='lat'>:</span> <span class='ocrx_word' id='word_1_525' title='bbox 294 2739 527 2781; x_wconf 86' lang='lat' dir='ltr'>Diomedes</span> <span class='ocrx_word' id='word_1_526' title='bbox 550 2739 727 2780; x_wconf 83' lang='lat' dir='ltr'>Carrafa</span> <span class='ocrx_word' id='word_1_527' title='bbox 760 2740 800 2780; x_wconf 84' lang='lat' dir='ltr'>S.</span> <span class='ocrx_word' id='word_1_528' title='bbox 829 2739 1008 2779; x_wconf 79' lang='lat' dir='ltr'>Martini</span> <span class='ocrx_word' id='word_1_529' title='bbox 1032 2740 1072 2778; x_wconf 86' lang='lat' dir='ltr'>in</span> <span class='ocrx_word' id='word_1_530' title='bbox 1102 2739 1345 2785; x_wconf 80' lang='lat' dir='ltr'>Montibus,</span> <span class='ocrx_word' id='word_1_531' title='bbox 1388 2753 1509 2793; x_wconf 87' lang='lat' dir='ltr'>quam</span> <span class='ocrx_word' id='word_1_532' title='bbox 1537 2740 1620 2791; x_wconf 79' lang='lat' dir='ltr'>ipse</span> <span class='ocrx_word' id='word_1_533' title='bbox 1648 2742 1874 2783; x_wconf 69' lang='lat' dir='ltr'>Ecclefiam</span> 
     </span>
     <span class='ocr_line' id='line_1_49' title="bbox 35 2793 1875 2850; baseline -0.001 -13"><span class='ocrx_word' id='word_1_534' title='bbox 35 2797 224 2850; x_wconf 80' lang='lat' dir='ltr'>regebat,</span> <span class='ocrx_word' id='word_1_535' title='bbox 246 2794 487 2834; x_wconf 82' lang='lat' dir='ltr'>instauravit</span> <span class='ocrx_word' id='word_1_536' title='bbox 501 2825 512 2842; x_wconf 80' lang='lat'>‚</span> <span class='ocrx_word' id='word_1_537' title='bbox 527 2794 705 2834; x_wconf 85' lang='lat' dir='ltr'>condito</span> <span class='ocrx_word' id='word_1_538' title='bbox 719 2794 877 2833; x_wconf 84' lang='lat' dir='ltr'>ibidem</span> <span class='ocrx_word' id='word_1_539' title='bbox 893 2794 1113 2845; x_wconf 78' lang='lat' dir='ltr'>sepulchro</span> <span class='ocrx_word' id='word_1_540' title='bbox 1130 2793 1284 2834; x_wconf 77' lang='lat' dir='ltr'>illatus.</span> <span class='ocrx_word' id='word_1_541' title='bbox 1318 2793 1409 2845; x_wconf 50' lang='lat' dir='ltr'>Iyse</span> <span class='ocrx_word' id='word_1_542' title='bbox 1427 2794 1628 2834; x_wconf 80' lang='lat' dir='ltr'>Pontifex</span> <span class='ocrx_word' id='word_1_543' title='bbox 1646 2797 1875 2838; x_wconf 75' lang='lat' dir='ltr'>Theatinis</span> 
     </span>
     <span class='ocr_line' id='line_1_50' title="bbox 34 2848 1874 2900; baseline -0.002 -6"><span class='ocrx_word' id='word_1_544' title='bbox 34 2856 114 2894; x_wconf 66' lang='lat' dir='ltr'>suis</span> <span class='ocrx_word' id='word_1_545' title='bbox 130 2850 272 2893; x_wconf 73' lang='lat' dir='ltr'>AEdem</span> <span class='ocrx_word' id='word_1_546' title='bbox 287 2850 327 2891; x_wconf 89' lang='lat' dir='ltr'>S.</span> <span class='ocrx_word' id='word_1_547' title='bbox 346 2849 369 2890; x_wconf 90' lang='lat' dir='ltr'>S</span> <span class='ocrx_word' id='word_1_548' title='bbox 390 2849 426 2890; x_wconf 92' lang='lat' dir='ltr'>Y</span> <span class='ocrx_word' id='word_1_549' title='bbox 444 2848 479 2888; x_wconf 92' lang='lat' dir='ltr'>L</span> <span class='ocrx_word' id='word_1_550' title='bbox 497 2850 538 2891; x_wconf 71' lang='lat' dir='ltr'>Vv</span> <span class='ocrx_word' id='word_1_551' title='bbox 552 2849 586 2889; x_wconf 78' lang='lat' dir='ltr'>E</span> <span class='ocrx_word' id='word_1_552' title='bbox 601 2849 625 2890; x_wconf 88' lang='lat' dir='ltr'>S</span> <span class='ocrx_word' id='word_1_553' title='bbox 642 2849 681 2890; x_wconf 89' lang='lat' dir='ltr'><strong>T</strong></span> <span class='ocrx_word' id='word_1_554' title='bbox 698 2849 769 2890; x_wconf 76' lang='lat' dir='ltr'>Rl</span> <span class='ocrx_word' id='word_1_555' title='bbox 795 2849 836 2888; x_wconf 89' lang='lat' dir='ltr'>in</span> <span class='ocrx_word' id='word_1_556' title='bbox 853 2849 1066 2900; x_wconf 76' lang='lat' dir='ltr'>Quirinali</span> <span class='ocrx_word' id='word_1_557' title='bbox 1087 2848 1283 2889; x_wconf 82' lang='lat' dir='ltr'>attribuit</span> <span class='ocrx_word' id='word_1_558' title='bbox 1300 2880 1312 2898; x_wconf 92' lang='lat'>,</span> <span class='ocrx_word' id='word_1_559' title='bbox 1346 2849 1553 2891; x_wconf 68' lang='lat' dir='ltr'>inchoato</span> <span class='ocrx_word' id='word_1_560' title='bbox 1566 2851 1616 2891; x_wconf 79' lang='lat' dir='ltr'>ab</span> <span class='ocrx_word' id='word_1_561' title='bbox 1631 2851 1719 2891; x_wconf 85' lang='lat' dir='ltr'>imo</span> <span class='ocrx_word' id='word_1_562' title='bbox 1737 2852 1874 2892; x_wconf 85' lang='lat' dir='ltr'>Collis</span> 
     </span>
     <span class='ocr_line' id='line_1_51' title="bbox 46 2904 1874 2946; baseline 0.002 -4"><span class='ocrx_word' id='word_1_563' title='bbox 46 2912 49 2913; x_wconf 73' lang='grc'>’</span> <span class='ocrx_word' id='word_1_564' title='bbox 895 2904 932 2944; x_wconf 84' lang='lat' dir='ltr'>V</span> <span class='ocrx_word' id='word_1_565' title='bbox 950 2917 972 2945; x_wconf 86' lang='lat' dir='ltr'>v</span> <span class='ocrx_word' id='word_1_566' title='bbox 1007 2915 1028 2942; x_wconf 85' lang='lat'>2</span> <span class='ocrx_word' id='word_1_567' title='bbox 1750 2908 1874 2946; x_wconf 62' lang='lat' dir='ltr'>scala-</span> 
     </span>
    </p>
   </div>
   <div class='ocr_carea' id='block_1_2' title="bbox 0 30 1900 277">
    <p class='ocr_par' dir='ltr' id='par_1_5' title="bbox 0 30 1900 277">
     <span class='ocr_line' id='line_1_52' title="bbox 2 30 12 58; baseline 0 0"><span class='ocrx_word' id='word_1_568' title='bbox 2 30 12 58; x_wconf 58' lang='grc'>1</span> 
     </span>
     <span class='ocr_line' id='line_1_53' title="bbox 0 58 1900 214; baseline 0.005 -71"><span class='ocrx_word' id='word_1_569' title='bbox 0 58 11 214; x_wconf 55' lang='grc' dir='ltr'>Ξ</span> <span class='ocrx_word' id='word_1_570' title='bbox 528 97 856 145; x_wconf 80' lang='lat' dir='ltr'>LIBER</span> <span class='ocrx_word' id='word_1_571' title='bbox 927 98 1446 163; x_wconf 60' lang='lat' dir='ltr'>QUARTUS</span> <span class='ocrx_word' id='word_1_572' title='bbox 1813 127 1900 178; x_wconf 71' lang='lat'>339</span> 
     </span>
     <span class='ocr_line' id='line_1_54' title="bbox 0 217 6 277; baseline 0 0"><span class='ocrx_word' id='word_1_573' title='bbox 0 217 6 277; x_wconf 63' lang='lat' dir='ltr'>i</span> 
     </span>
    </p>
   </div>
  </div>
 </body>
</html>
