2251 3283
158 282 229 321 Lib.
248 295 260 319 1
269 309 279 319 .

156 442 192 477 In
201 442 334 482 winton.

157 494 272 528 Carae.

159 556 193 593 In
203 557 266 607 ejus
274 559 351 593 vita.

157 1048 279 1083 Sueton.
291 1048 320 1081 in

152 1100 274 1135 Domit.

153 1159 225 1198 cap.
247 1161 303 1197 14.

153 1199 227 1236 Lib.
245 1211 259 1235 1
269 1214 301 1237 2.

156 1250 291 1292 (Ληηαί.

153 1478 207 1514 De
216 1474 328 1526 quibus

153 1531 185 1564 in
198 1532 353 1577 Orat.pro

151 1578 231 1667 {iii
235 1642 248 1666 1
259 1629 352 1679 2‚Ep.

153 1678 196 1716 ad
206 1682 325 1720 eAttic.

152 1729 236 1782 epist.
253 1745 285 1770 1.

360 129 446 181 288
848 127 969 176 DE
1037 126 1314 175 URBE
1384 125 1694 177 ROMA.

361 211 433 251 ubi
450 208 622 252 Atrium
637 207 873 250 Libertatis
894 207 1163 248 instauratum
1177 206 1446 248 Bibliotheca
1467 208 1725 248 instruxerat.
1777 207 1941 252 Horum
1955 205 2195 251 Hortorhm

365 264 563 306 meminit
586 264 630 303 δε
659 264 910 305 Frontinus:
956 265 1044 302 Anio
1071 273 1170 301 vetus
1188 265 1344 315 pervenit
1364 264 1401 302 in
1420 265 1601 315 Regionem
1621 267 1688 302 vtae
1707 265 1819 301 Novae
1839 262 1888 301 ad
1906 266 2030 302 Hortos
2054 263 2193 313 Afinia-

365 334 424 358 nos
436 343 450 361 ‚
477 317 565 358 unde
583 328 641 371 per
662 318 758 357 illum
777 319 924 357 trabium
941 315 1172 369 distribuitur.
1215 317 1314 358 Haec
1333 329 1474 358 autem
1490 318 1556 358 via
1574 320 1699 359 Nova
1712 316 1782 357 illa
1799 330 1880 357 non
1896 316 1949 357 est
1963 347 1975 366 ,
2004 329 2091 369 quae
2104 347 2115 365 ,
2148 329 2195 358 ut

368 373 470 414 alias
494 372 601 418 dixi,
634 386 765 426 prope
781 372 991 413 Palatium
1004 383 1094 412 erat
1108 401 1121 419 ‚
1155 374 1196 412 δε
1213 372 1372 413 Forum
1388 388 1401 418 5
1431 372 1498 412 sed
1510 372 1592 413 alia
1607 372 1649 411 in
1666 371 1861 425 Regione
1875 371 2045 412 Piscina:
2058 371 2197 424 publi-

371 441 452 474 cae,
482 427 525 468 in
549 440 629 480 qua
650 430 764 481 Caput
782 429 851 466 viae
871 430 982 465 Novae
1002 426 1143 466 statuit
1157 426 1202 467 P.
1218 424 1382 467 Vffikor.
1423 426 1689 480 Spartianus:
1722 425 1846 467 Idem,
1872 425 2011 478 inquit
2025 455 2037 474 ,
2070 426 2200 465 Cara-

370 483 478 524 calla
501 484 601 521 viam
622 485 768 520 Novam
784 483 964 527 munivit,
1005 492 1079 533 quae
1097 479 1145 531 est
1157 479 1226 532 fiab
1243 480 1318 533 ejus
1339 479 1503 520 Thermis
1524 482 1736 519 simonianis
1748 479 1886 531 jcilicet
1899 503 1911 520 2
1940 492 2010 530 qua
2028 478 2203 531 pulchrim

370 540 462 577 incer
481 540 651 585 Qmanas
677 535 806 589 plateas
824 548 889 573 mm
899 534 1013 584 facile
1032 533 1229 588 quidquam
1259 537 1421 574 invenias.
1471 537 1513 575 A
1531 537 1569 576 N
1586 535 1624 575 T
1640 536 1681 574 O
1698 537 1736 574 N
1756 536 1775 575 1
1794 537 1833 575 N
1849 535 1866 574 Ι
1900 535 1926 572 P
1939 533 1991 574 11
2027 533 2050 572 ἐι
2084 533 2198 584 Iulio

371 590 623 643 Capitolino
640 605 650 628 ε
691 592 734 626 In
752 588 950 630 viridario,
979 588 1118 642 inquit
1133 619 1144 637 ,
1179 588 1390 630 Antonini
1404 592 1538 628 Taurus
1557 602 1762 628 marmoreus
1780 588 1938 628 cornibus
1958 588 2069 627 ramis
2085 586 2203 627 arbori

367 642 625 697 accrqscentibus
642 642 821 695 squensizs
840 642 899 695 est-
951 644 991 683 A
1009 645 1044 685 N
1065 643 1104 685 T
1120 644 1162 685 H
1177 644 1213 685 E
1230 643 1305 684 RI
1327 642 1350 683 ἐι
1373 643 1646 697 Lampridio,
1688 643 1917 684 Commodi
1940 654 2055 683 aevo:
2092 643 2199 680 Ame-
2250 641 2251 653 ¹

367 714 448 740 rum
471 723 483 741 2
519 698 656 751 inquit
680 728 693 746 ,
730 696 886 735 edulium
907 696 929 734 d
952 697 1088 737 Palatio
1100 697 1281 750 sacrorum
1301 698 1406 750 causti
1426 723 1439 741 ,
1475 699 1518 738 ἐφ
1537 697 1731 737 redeuntem
1751 700 1790 736 in
1808 701 1934 737 Hortos
1944 696 2026 748 filos
2042 705 2102 749 per
2111 695 2200 744 fru-

369 755 554 793 mentarios
573 751 778 792 occiderunt.
828 751 1093 808 TORQU
1113 753 1290 794 ATIA
1310 754 1474 799 NOS,
1515 752 1571 793 Et
1597 751 1676 792 ΕΡ
1694 751 1832 792 &PH
1851 752 1885 792 R
1902 752 1943 791 O
1962 749 2036 793 DI
2053 749 2200 791 TIA-

367 810 414 851 N
432 809 472 848 O
488 807 513 847 S
540 806 561 847 :i
579 805 805 848 Frontino.
847 806 1129 858 Torquatiani
1143 807 1371 848 statuuntur
1384 807 1435 848 ab
1449 806 1675 860 Onup'nrio
1689 808 1730 846 in
1744 806 1881 859 prima
1895 805 2091 858 Regione
2105 818 2202 857 por-

369 875 423 904 tae
449 863 626 914 Capenae
643 891 655 909 ,
685 861 727 900 in
750 873 830 912 qua
851 860 1191 902 &Terentianos
1211 862 1367 903 statuit.
1420 860 1774 915 Epapliroditiani
1797 859 1965 900 fuerunt
1981 859 2204 912 Epaphro-

369 915 467 963 diti,
490 916 557 968 qui
574 915 733 957 Neroni
751 914 772 953 a
785 914 956 961 libellis,
983 915 1152 957 austore
1166 916 1387 961 Suetonio,
1404 916 1670 968 ejusdemque
1685 914 1879 963 libertus,
1893 914 2043 955 eodem
2058 912 2201 953 aueto-

370 984 438 1018 re,
470 985 517 1011 ac
532 969 719 1017 Tacito,
751 981 848 1008 eum
872 969 914 1008 in
937 970 1033 1021 fuga
1055 971 1245 1022 sequutus
1268 970 1376 1021 juvit:
1398 971 1640 1023 adigentern
1661 969 1805 1022 jugulo
1826 967 1982 1009 ferrum
2003 983 2012 1010 ε
2045 980 2124 1021 qua
2148 967 2204 1008 de

369 1026 488 1067 causa
509 1024 679 1075 capitali
704 1036 831 1073 poena
844 1022 982 1064 multo
993 1024 1079 1078 post
1094 1024 1115 1065 a
1131 1024 1385 1066 Domitiano
1400 1024 1620 1065 damnatus
1633 1023 1703 1064 est.
1746 1024 1908 1064 Hortos
1930 1021 2204 1064 STATILII

370 1082 411 1123 T
426 1082 464 1122 A
483 1079 528 1122 U
546 1079 618 1120 RI
644 1077 666 1119 a
684 1077 842 1120 Tacito
862 1077 931 1117 sub
946 1078 1128 1119 Claudio
1145 1079 1355 1131 Principe.
1399 1082 1590 1133 Agrippina
1604 1102 1618 1121 ‚
1645 1078 1784 1132 inquit
1798 1108 1810 1127 ,
1841 1078 2024 1117 Statilium
2043 1081 2204 1117 Taurum

369 1134 490 1190 opibus
508 1133 670 1185 illustrem
691 1134 812 1171 Hortis
832 1132 900 1184 ejus
923 1132 1062 1172 inhians
1080 1137 1259 1186 pervertit.
1299 1132 1523 1173 Proximos
1551 1133 1821 1173 Naumachiae
1846 1132 1993 1172 hortos
2014 1130 2036 1171 ὲ
2051 1132 2201 1172 Sueto-

370 1189 443 1230 nio
475 1189 518 1229 in
543 1188 724 1228 Tiberio
749 1217 761 1236 ,
812 1199 962 1240 nempe
986 1187 1340 1229 Transtiberinos.
1396 1188 1557 1228 Hortos
1589 1188 1624 1227 C
1640 1188 1690 1227 AE
1706 1188 1729 1227 S
1749 1187 1786 1228 A
1804 1186 1878 1227 Rl
1894 1187 1917 1227 S
1951 1187 2001 1226 ad
2026 1186 2201 1228 Portam

371 1246 406 1286 C
422 1245 464 1285 O
480 1243 517 1283 L
532 1242 600 1283 LI
614 1243 652 1284 N
672 1244 712 1282 A
727 1240 775 1281 M
807 1254 901 1282 cum
938 1241 978 1282 T
994 1242 1041 1285 U
1056 1242 1148 1283 RR
1163 1242 1199 1283 E
1222 1241 1245 1283 ὲ
1266 1242 1379 1295 Julio
1404 1242 1667 1295 obsequenti
1692 1240 1743 1280 de
1769 1240 2006 1293 Prodigiis:
2048 1243 2202 1282 Turris,

364 1298 506 1352 inquit
519 1320 534 1340 ‚
559 1300 749 1337 Honorum
769 1295 914 1348 Caesaris
933 1295 983 1335 ad
993 1308 1131 1351 portam
1151 1295 1316 1336 Collinam
1334 1295 1375 1335 de
1388 1296 1477 1334 Celo
1497 1299 1600 1336 tacia-
1642 1297 1805 1339 Hortos
1827 1298 1851 1334 S
1867 1296 1901 1336 C
1917 1297 1935 1336 1
1952 1295 1979 1335 Ρ
1991 1294 2012 1334 I
2027 1295 2068 1335 O
2081 1297 2121 1336 N
2140 1295 2155 1335 Ι
2171 1294 2198 1335 S

367 1352 391 1395 ὲ
408 1354 617 1395 Cicerone
630 1382 644 1401 ,
665 1364 815 1404 nempe
828 1351 1116 1403 antiquiores:
1151 1351 1361 1403 Scapulae:
1398 1351 1441 1389 δέ
1457 1351 1620 1391 Clodiae
1633 1351 1684 1392 ad
1700 1350 1922 1390 Tiberim:
1951 1361 2062 1390 trans
2075 1362 2200 1402 quem

366 1409 433 1450 M.
448 1407 617 1449 Tullius
637 1418 784 1460 parare
799 1404 869 1446 fibi
885 1405 1100 1447 interdum
1112 1405 1347 1460 cogitabat.
1389 1405 1625 1447 Multorum
1639 1406 1682 1446 in
1697 1404 1763 1447 via
1777 1403 1955 1446 Claudia
1966 1434 1980 1455 ,
2011 1416 2098 1458 quae
2109 1404 2203 1456 jun-

367 1464 543 1518 gebatur
557 1460 793 1504 Flaminiae.
838 1459 1021 1502 Ovidius
1039 1476 1049 1502 ε

731 1518 809 1554 Nec
831 1526 905 1568 quae
919 1516 1100 1568 pomiferis
1114 1514 1236 1569 positos
1258 1517 1296 1554 in
1319 1514 1468 1555 Collibus
1486 1519 1614 1556 Hortos

784 1570 919 1622 Speftat
938 1570 1125 1609 Flaminia:
1146 1569 1299 1609 Claudia
1313 1570 1436 1623 junHa
1458 1572 1537 1608 viae.

372 1626 463 1672 Ubi
490 1624 672 1680 ejusdem
693 1623 843 1666 Ovidii
877 1622 1125 1666 viridarium
1146 1624 1349 1665 statuitur.
1402 1624 1458 1665 Et
1479 1622 1554 1664 alii
1576 1622 1689 1664 inter
1708 1620 1934 1675 legendum
1959 1633 2199 1665 occurrent.

365 1685 463 1730 Nos
477 1682 546 1724 hic
558 1677 800 1737 promissum
817 1677 1096 1723 Thermarum
1111 1678 1366 1726 Alexandri,
1405 1679 1449 1722 &
1464 1678 1646 1721 aliorum
1659 1689 1854 1719 nummos
1866 1675 2090 1721 omifimus.

2074 2747 2195 2796 DE
