2251 3283
354 104 510 187 352*
854 116 978 165 DE
1046 116 1327 164 URBE
1397 114 1704 167 ROMA.

358 198 514 242 Palatii
527 198 733 254 praecipua
747 231 761 250 ,
792 212 879 255 quae
891 199 990 253 pilis
1003 199 1203 240 lateritiis
1218 199 1326 241 haud
1341 199 1438 241 satis
1453 200 1561 242 fulta
1576 201 1737 242 ruinam
1751 202 2015 256 minabatur,
2045 206 2196 252 iisdem

150 274 249 311 Hom·
266 272 346 323 Q„
361 255 594 297 Tiburtino
625 255 766 309 lapide
789 253 957 295 refectis
981 254 1159 295 solidata
1183 255 1252 298 est.
1308 254 1433 295 Auiti
1457 257 1556 298 ΗΟ
1574 258 1611 298 R
1633 257 1707 298 TI
1732 257 1988 310 adiacentes,
2048 262 2198 305 Obsta-

148 312 337 361 rinales'am-
361 310 434 352 bat
456 311 642 364 objectus
664 311 811 360 collis,
843 308 1021 362 subjecta
1046 310 1182 352 vallis.
1226 312 1507 364 Asportantes
1523 314 1750 354 multorum
1765 315 1994 356 manusille
2008 317 2200 371 sequutus

146 375 282 426 plzficatj,
363 366 609 408 decrevitin
622 365 876 419 planiciem:
912 364 1153 405 valliculam
1168 365 1543 420 replevitinjesta,
1577 367 1619 406 δε
1635 368 1983 422 aggestahumus‚
2014 373 2078 412 cui
2092 373 2202 414 susti-

364 420 509 461 nendae
531 421 689 462 directa
707 421 869 475 ingenti
888 420 1001 460 mole
1014 420 1253 462 substruetio
1267 421 1336 463 est.
1379 420 1428 460 In
1441 421 1523 462 fine
1538 423 1777 464 Hortorum
1787 424 2202 467 adremittendasin-

361 476 530 517 terdum
553 490 668 518 curas
688 473 877 527 adjuncta
890 475 1051 515 domus.
1095 476 1223 517 Horti
1239 476 1339 517 verb
1354 490 1511 532 aequata
1523 477 1704 530 planicie
1719 479 2118 529 jaminimmensum
2133 489 2213 523 ex-'

360 543 546 572 currunt.
592 530 715 573 Reffi
737 531 779 570 in
805 530 916 580 illis,
948 530 1419 585 longiffimiqueXysti,
1450 533 1997 587 tonsilibuscinffiplantis,
2030 548 2202 588 myrto,

361 585 496 635 buxo,
529 585 742 642 cupress'O,
765 586 909 634 lauro,
933 584 1154 639 junipero,
1179 587 1316 629 citro:
1350 587 1556 628 innumeri
1572 585 1742 629 fontes:
1774 589 2204 632 stationescameratae

362 640 570 683 flexilibus
593 641 717 682 ramis
739 671 751 691 ,
803 641 1047 694 semperque
1078 642 1310 683 virentibus
1335 641 1454 682 foliis
1483 644 1617 695 spatia
1638 643 1861 693 dispertita
1884 675 1897 694 ,
1940 645 2078 696 pomis
2098 673 2111 692 ,
2155 646 2201 686 Sc

361 695 549 738 floribus.
603 697 685 738 Hic
709 695 853 748 fraga,
887 696 929 734 ἅτ
956 698 1072 746 rosa,
1106 699 1150 739 δε
1173 711 1322 740 caetera
1342 698 1454 738 veris
1478 697 1667 741 familia:
1702 699 1793 739 illic
1814 699 2013 740 arborum
2036 699 2200 751 foetus,

363 752 408 792 ὃ(
431 751 568 803 gravis
590 764 824 792 autumnus.
878 750 915 790 E
939 751 1121 804 planicie
1146 753 1289 795 mollis
1309 752 1425 794 clivo
1450 753 1691 797 descensus,
1733 755 1776 793 ἅτ
1804 754 1998 807 adjacens
2019 755 2201 798 inferior

361 818 532 858 campus
561 806 770 846 malorum
794 805 1054 847 medicatum
1078 806 1222 849 ferax:
1266 822 1355 849 tum
1377 809 1559 861 platanis
1580 808 1841 849 inumbratus
1867 810 2125 860 Hydraulam
2146 811 2200 852 ab

363 859 460 901 Sale
483 859 706 910 defendit,
738 861 987 913 aquatilium
1008 863 1298 905 machinarum
1321 863 1429 917 quasi
1446 863 1656 917 Reginam
1671 864 1858 917 pluribus
1871 864 2051 918 undique
2065 865 2201 907 fonti-

360 913 437 955 bus
450 928 714 956 coronatam.

145 986 309 1022 Portusad
414 970 475 1010 At
498 983 615 1011 extra
640 971 808 1014 Urbem
837 971 1037 1015 Urbanus
1059 972 1109 1012 ad
1133 986 1248 1013 mare
1274 973 1571 1024 Tyrrhenum,
1601 974 1643 1013 &
1673 974 1907 1015 Civitatem
1932 987 2120 1016 veterem
2134 975 2202 1015 seu

145 1038 336 1074 Centumccl-
362 1024 680 1066 Centumcellas
703 1025 733 1067 P
749 1028 790 1067 O
808 1026 848 1067 R
864 1028 902 1067 T
922 1027 968 1068 U
992 1028 1199 1068 aedificato
1215 1059 1226 1078 ,
1258 1028 1391 1069 totius
1404 1029 1580 1082 Europae
1594 1030 1829 1082 emporium
1846 1029 2048 1071 Romanae
2064 1030 2202 1082 digni-

146 1087 206 1126 λης,
360 1079 464 1129 tati,
500 1082 544 1121 δε
568 1081 834 1130 commodis,
866 1082 1049 1136 aperuit.
1093 1082 1142 1123 Id
1163 1083 1259 1123 sane
1285 1096 1389 1136 opus
1412 1085 1535 1125 multi
1555 1083 1783 1125 Pontifices
1796 1087 2094 1139 anteaaggreffi
2111 1085 2202 1125 fue-

358 1147 480 1184 rant,
512 1148 617 1189 quos
641 1136 884 1177 reimolitio
901 1168 912 1186 ,
948 1138 1474 1191 &sumptusmagnitudo,
1506 1153 1553 1179 ac
1567 1138 1838 1183 frementium
1855 1140 2203 1181 anuarnmjnsani

357 1189 469 1230 aestus
485 1190 819 1232 retardaverant.
863 1192 1033 1245 Quippe
1046 1194 1280 1233 fabulosum
1297 1192 1415 1233 littus
1429 1225 1442 1243 ,
1477 1195 1842 1247 &importuosum
1858 1192 2009 1234 Austro
2022 1195 2205 1247 opponi-

359 1255 453 1293 tur,
483 1244 753 1299 flue'tibusque
776 1247 1086 1287 recurrentibus
1108 1248 1355 1289 verberatur
1378 1261 1426 1288 ex
1452 1249 1570 1289 alto:
1605 1249 1998 1289 necullointrorsus
2013 1249 2201 1290 retraeto

354 1298 439 1340 sinu
453 1313 674 1350 curvatur,
705 1301 815 1355 quo,
847 1300 1146 1343 subsidentibus
1158 1303 1382 1356 procellis,
1416 1317 1542 1344 naves
1554 1304 1591 1342 se
1606 1316 1700 1343 tuto
1713 1303 1936 1356 recipiant.
1978 1304 2199 1357 Oppidum

359 1355 488 1405 porri)
501 1355 722 1396 conditum
737 1355 942 1409 est2pr0pe
955 1358 1170 1410 antiquam
1186 1358 1354 1400 Urbem
1368 1358 1868 1412 Centumcellas,ej=.isque
1883 1358 2051 1412 vestigia
2064 1359 2200 1402 litum.

143 1424 283 1462 Leander
294 1426 324 1460 in
362 1411 499 1462 Quam
519 1410 560 1450 in
588 1424 640 1451 eo
654 1410 814 1452 Tusciae
829 1410 962 1452 traelzu
975 1443 988 1461 ,
1021 1413 1171 1466 Pyrgis
1185 1412 1399 1454 veteribus
1413 1413 1581 1466 longius
1596 1413 1765 1466 paululo
1778 1415 1998 1454 summotis
2014 1416 2202 1471 Geogra—

143 1475 337 1529 descrzpti‘one
362 1464 471 1517 phiae
493 1465 659 1506 nobiles
680 1466 905 1519 scriptores
925 1470 1248 1520 recognoscunt.
1293 1467 1461 1509 Urbem
1474 1467 1695 1519 sejungunt
1712 1467 1733 1507 a
1750 1481 1874 1520 portu
1889 1470 2053 1510 moenia
2070 1500 2080 1517 ,
2114 1483 2202 1522 quae

144 1528 250 1567 Italia.
360 1518 583 1574 interficia
606 1520 752 1561 semita
771 1553 784 1572 ,
816 1535 961 1574 parum
982 1521 1134 1562 distant
1156 1522 1179 1563 a
1202 1522 1334 1562 mari:
1369 1535 1599 1575 eorumque
1613 1536 1800 1563 extrema
1812 1523 2201 1565 clauditlaevorsum

361 1575 451 1616 Arx
474 1574 786 1629 quadrangula:
819 1576 1066 1631 bellicisque
1091 1577 1342 1625 tormentis,
1375 1580 1418 1619 &
1441 1589 1620 1629 quatuor
1633 1577 1794 1618 munita
1808 1579 1987 1619 turribus
2003 1578 2199 1630 Urbem,

358 1644 407 1670 ac
433 1643 628 1682 portum,
661 1631 724 1671 cui
747 1631 974 1681 imminet,
1005 1644 1258 1685 propugnat.
1302 1631 1414 1672 Hinc
1429 1632 1656 1673 secundnm
1672 1633 1833 1673 moenia
1847 1632 2027 1675 sinuatur
2043 1647 2203 1674 retror-

359 1686 448 1725 sum
471 1698 615 1738 portus
639 1701 649 1726 ε
691 1685 789 1726 dein
811 1685 962 1726 dextro
986 1699 1201 1740 tamquam
1225 1700 1355 1727 cornu
1380 1688 1483 1727 moli
1505 1687 1800 1740 conjungitur:
1843 1701 1931 1740 quae
1954 1689 2196 1730 continenti

360 1740 548 1793 primum
574 1739 689 1781 recto
709 1754 838 1794 opere
862 1740 1104 1783 commissa,
1133 1741 1271 1795 postea
1295 1742 1337 1781 in
1363 1742 1492 1782 undas
1516 1754 1759 1783 excurrens:
1794 1755 1884 1783 tum
1906 1743 2053 1783 cubito
2069 1744 2202 1784 veluti

359 1794 462 1835 flexa
485 1795 614 1836 finum
637 1795 725 1836 fere
749 1794 998 1849 quadratum
1022 1797 1174 1846 efficit,
1209 1797 1392 1849 spatioso
1415 1797 1531 1837 aditu
1552 1796 1604 1837 ad
1627 1795 1848 1849 ingressum
1863 1797 2032 1838 navium
2048 1797 2199 1839 eleeto.

146 1864 276 1900 smmi„
361 1850 460 1891 Hoc
482 1849 563 1889 sinu
585 1852 786 1903 anguloso
801 1882 813 1901 ,
845 1864 969 1904 quem
984 1852 1237 1893 extrinsecus
1249 1853 1442 1893 muniunt
1456 1865 1631 1893 cuneata
1646 1854 1955 1906 propugnacula
1970 1884 1982 1902 ,
2013 1853 2137 1894 statio
2149 1854 2200 1894 ab

145 1925 261 1965 portu,
285 1916 335 1950 (y
361 1905 555 1945 omnibus
572 1907 710 1946 ventis
726 1919 814 1947 tuta
829 1910 1035 1959 praebetnr
1049 1908 1254 1962 navigiis:
1290 1907 1359 1948 hic
1373 1908 1600 1948 hibernant
1619 1906 1852 1948 Pontificiae
1868 1908 2060 1949 triremes
2073 1939 2086 1957 ,
2116 1910 2201 1961 quo

145 1965 336 2015 [ian‘otrire-
360 1973 434 2011 per
458 1960 649 2014 lapideos
667 1961 817 2014 gradus
841 1960 980 2003 facilis
1001 1962 1055 2002 est
1072 1961 1092 2002 e
1108 1964 1222 2003 mole
1248 1962 1465 2003 discensus.
1511 1964 1673 2004 Verum
1690 1961 1712 2003 ἐ
1727 1962 1831 2003 sinus
1844 1963 1960 2004 aditu
1976 1976 2130 2005 novum
2145 1964 2198 2004 de

145 2030 253 2053 mmm..
359 2015 529 2067 integro
540 2043 553 2061 ‚
586 2017 628 2056 ὃς
648 2028 864 2057 curvatum
880 2017 1005 2057 molis
1016 2017 1122 2071 quasi
1136 2018 1354 2058 brachium
1368 2019 1518 2070 pelago
1531 2017 1584 2058 est
1599 2017 1823 2059 decluetum
1838 2035 1850 2064 3
1864 2017 1869 2021 ’
1882 2031 1925 2058 ut
1937 2018 2045 2058 alter
2059 2018 2197 2059 effice-

359 2083 476 2110 retur
496 2069 622 2111 finus:
656 2071 724 2125 qui
749 2071 906 2124 primus
921 2085 968 2112 ex
981 2071 1416 2126 altoinveffispatet,
1448 2073 1693 2127 vulgarique
1707 2073 2017 2126 appellatione,
2051 2086 2199 2126 portus

359 2124 531 2167 dicitur.
586 2126 802 2179 Quoniam
827 2140 969 2167 autem
993 2126 1275 2177 exaestmmis,
1309 2128 1349 2167 δε
1377 2129 1574 2181 profundi
1598 2129 1725 2169 maris
1748 2128 2020 2169 altitudinem
2045 2129 2196 2181 aequari

146 2187 307 2241 Qomodo
361 2179 520 2221 neceffe
543 2194 632 2221 erat
649 2212 661 2230 ,
693 2180 744 2221 fic
769 2193 894 2222 nexus
914 2195 1090 2233 operum
1115 2182 1168 2222 est
1189 2182 1441 2235 compactus.
1485 2183 1682 2237 Ingentia
1705 2184 1793 2223 saxa
1809 2183 2196 2236 magnolaborein-

140 2233 318 2293 poitzzsex-
359 2235 640 2288 gerebantur:
674 2248 798 2289 atque
813 2236 1040 2288 e'ainjeetis
1053 2237 1172 2280 aliis,
1200 2238 1370 2291 aliisque
1384 2251 1579 2278 ornerata
1593 2267 1605 2284 ,
1628 2238 1698 2279 etsi
1713 2238 1826 2290 aquis
1839 2238 2194 2288 absorbebantur,

145 2292 276 2330 misius.
358 2290 596 2332 substratam
612 2291 1097 2345 tamen,patientemque
1111 2293 1410 2333 onerisstruem
1426 2293 1701 2335 attollebant.
1719 2295 1820 2346 Quae
1836 2293 1903 2333 ubi
1918 2306 1966 2333 ex
1979 2307 2083 2346 aqua
2097 2306 2196 2345 pau-

362 2347 493 2388 lulum
518 2346 704 2386 eminere
725 2345 887 2399 coepit,
919 2359 1009 2387 tum
1029 2347 1829 2403 junCtislapidi'ousinolessuperstruch
1844 2348 2194 2389 estinludibrium

357 2401 507 2447 maris,
542 2404 585 2443 δε
613 2402 780 2442 navium
803 2401 1004 2456 quietem.
1045 2402 1180 2455 Igitur
1203 2402 1417 2444 brachium
1434 2434 1445 2452 ,
1479 2404 1590 2457 quod
1607 2417 1796 2456 coeptum
1809 2404 1858 2443 ab
1872 2403 2194 2454 finusintroitu,

355 2468 533 2498 curvato
546 2456 596 2496 ad
612 2455 779 2500 Urbem
792 2456 931 2496 littori
946 2457 1214 2511 haudimpari
1228 2457 1378 2499 flexura
1391 2459 1616 2512 respondet
1629 2490 1642 2508 ,
1675 2458 1857 2498 rotundo
1873 2471 2084 2511 tamquam
2100 2470 2198 2512 pro-

357 2511 595 2566 pugnaculo
616 2511 839 2557 inchoata,
869 2512 1103 2564 parietiam
1117 2526 1334 2554 curvatura
1347 2513 1550 2554 adarcem
1563 2513 1721 2560 fertur,
1755 2513 2057 2565 continuatque
2070 2512 2197 2553 molis

359 2566 602 2607 structuram
620 2566 867 2607 tendentem
883 2567 932 2607 ad
953 2567 1129 2610 Urbem.
1173 2567 1393 2610 Interhaec
1407 2569 1489 2608 duo
1505 2568 1768 2609 munimenta
1781 2569 1916 2608 libero
1934 2567 2038 2609 mari
2051 2566 2198 2620 pandi·

362 2634 429 2662 tur
452 2620 602 2661 ostium
627 2634 794 2675 portus>
825 2622 908 2674 que>
929 2636 1054 2663 naves
1076 2635 1170 2664 tuto
1191 2636 1450 2664 commeant.
1493 2623 1573 2664 Sed
1588 2624 1788 2677 quoniam
1802 2622 1952 2665 Austro
1966 2622 2197 2676 opponitur

362 2676 558 2717 evolutos
581 2678 708 2730 longe
730 2675 872 2717 fluetus
890 2677 1137 2728 invehenti,
1171 2679 1305 2719 altera
1328 2691 1473 2719 contra
1496 2679 1667 2727 ostium,
1702 2678 1857 2730 scopuli
1882 2677 2004 2718 instar
2022 2676 2128 2730 jacta
2142 2676 2196 2717 est

364 2744 449 2772 non
474 2730 647 2771 modico
670 2732 896 2773 intervallo
919 2733 1079 2783 moles,
1113 2732 1216 2774 ostio
1239 2747 1382 2787 portus
1394 2733 1585 2777 obversa.
1628 2733 1677 2775 Id
1692 2734 1877 2774 validum
1891 2731 2196 2785 estfrangendis

363 2786 564 2839 procellis
581 2800 628 2826 ac
650 2786 838 2828 fluetibus
852 2787 1173 2829 munimentum.
1218 2791 1431 2830 Caeterum
1445 2788 1581 2829 forma
1596 2801 1739 2841 portus
1752 2801 1828 2828 nec
1840 2801 1975 2828 ovatae
1992 2819 2003 2835 ‚
2036 2800 2113 2827 nec
2127 2799 2196 2826 or-

363 2841 639 2894 biculataepar
651 2873 663 2890 ,
696 2841 913 2882 interillas
926 2841 1064 2882 media
1078 2844 1268 2885 latiffime
1282 2843 1495 2897 panditur.
1532 2848 1626 2897 Qo
1640 2842 1828 2898 perfeeto
1841 2843 1936 2883 data
1951 2842 1973 2883 a
1989 2840 2196 2883 Pontifice

363 2896 610 2938 immunitas
622 2895 888 2950 vestigalium
901 2899 1264 2941 commeantibus:
1294 2900 1336 2939 &
1349 2898 1486 2940 allesti
1501 2899 1711 2941 institores
1721 2898 1806 2941 loci
1821 2898 2042 2940 securitate
2053 2928 2066 2947 ‚
2090 2896 2196 2990 lsucri

2114 2962 2167 3004 pe
2183 2965 2195 2993 z
