<?xml version="1.0" encoding="UTF-8"?>
<!DOCTYPE html PUBLIC "-//W3C//DTD XHTML 1.0 Transitional//EN"
    "http://www.w3.org/TR/xhtml1/DTD/xhtml1-transitional.dtd">
<html xmlns="http://www.w3.org/1999/xhtml" xml:lang="en" lang="en">
 <head>
  <title>
</title>
<meta http-equiv="Content-Type" content="text/html;charset=utf-8" />
  <meta name='ocr-system' content='tesseract 3.04.00' />
  <meta name='ocr-capabilities' content='ocr_page ocr_carea ocr_par ocr_line ocrx_word'/>
</head>
<body>
  <div class='ocr_page' id='page_1' title='image "./alexandridonatie00dona_0517.png"; bbox 0 0 2251 3283; ppageno 0'>
   <div class='ocr_carea' id='block_1_1' title="bbox 568 120 1931 201">
    <p class='ocr_par' dir='ltr' id='par_1_1' title="bbox 568 120 1931 201">
     <span class='ocr_line' id='line_1_1' title="bbox 568 120 1931 201; baseline 0.01 -35"><span class='ocrx_word' id='word_1_1' title='bbox 568 120 896 167; x_wconf 87' lang='lat' dir='ltr'>LIBER</span> <span class='ocrx_word' id='word_1_2' title='bbox 968 120 1488 185; x_wconf 81' lang='lat' dir='ltr'>QUARTUS.</span> <span class='ocrx_word' id='word_1_3' title='bbox 1845 147 1931 201; x_wconf 82' lang='lat'>3¹5</span> 
     </span>
    </p>
   </div>
   <div class='ocr_carea' id='block_1_2' title="bbox 66 198 2130 3006">
    <p class='ocr_par' dir='ltr' id='par_1_2' title="bbox 76 198 1927 697">
     <span class='ocr_line' id='line_1_2' title="bbox 81 198 1927 265; baseline 0.007 -22"><span class='ocrx_word' id='word_1_4' title='bbox 81 201 250 244; x_wconf 82' lang='lat' dir='ltr'>Urbem</span> <span class='ocrx_word' id='word_1_5' title='bbox 273 198 471 254; x_wconf 81' lang='lat' dir='ltr'>ingressus</span> <span class='ocrx_word' id='word_1_6' title='bbox 485 231 499 250; x_wconf 91' lang='lat'>,</span> <span class='ocrx_word' id='word_1_7' title='bbox 531 201 806 241; x_wconf 86' lang='lat' dir='ltr'>resistentibus</span> <span class='ocrx_word' id='word_1_8' title='bbox 819 201 997 244; x_wconf 89' lang='lat' dir='ltr'>Civibus</span> <span class='ocrx_word' id='word_1_9' title='bbox 1016 202 1189 244; x_wconf 89' lang='lat' dir='ltr'>Henrici</span> <span class='ocrx_word' id='word_1_10' title='bbox 1208 201 1434 247; x_wconf 88' lang='lat' dir='ltr'>foederatis</span> <span class='ocrx_word' id='word_1_11' title='bbox 1449 205 1570 256; x_wconf 84' lang='lat' dir='ltr'>plana</span> <span class='ocrx_word' id='word_1_12' title='bbox 1583 208 1733 263; x_wconf 81' lang='lat' dir='ltr'>Campi</span> <span class='ocrx_word' id='word_1_13' title='bbox 1751 212 1899 255; x_wconf 85' lang='lat' dir='ltr'>Martii</span> <span class='ocrx_word' id='word_1_14' title='bbox 1915 246 1927 265; x_wconf 92' lang='lat'>,</span> 
     </span>
     <span class='ocr_line' id='line_1_3' title="bbox 77 255 1925 316; baseline 0.002 -19"><span class='ocrx_word' id='word_1_15' title='bbox 77 259 201 310; x_wconf 88' lang='lat' dir='ltr'>usque</span> <span class='ocrx_word' id='word_1_16' title='bbox 223 256 273 296; x_wconf 89' lang='lat' dir='ltr'>ad</span> <span class='ocrx_word' id='word_1_17' title='bbox 301 261 453 297; x_wconf 78' lang='lat' dir='ltr'>Arcum</span> <span class='ocrx_word' id='word_1_18' title='bbox 477 268 601 308; x_wconf 91' lang='lat' dir='ltr'>quem</span> <span class='ocrx_word' id='word_1_19' title='bbox 627 255 897 309; x_wconf 79' lang='lat' dir='ltr'>Portugalliae</span> <span class='ocrx_word' id='word_1_20' title='bbox 912 258 1135 298; x_wconf 83' lang='lat' dir='ltr'>nominant</span> <span class='ocrx_word' id='word_1_21' title='bbox 1154 288 1165 305; x_wconf 94' lang='lat'>,</span> <span class='ocrx_word' id='word_1_22' title='bbox 1196 257 1397 300; x_wconf 88' lang='lat' dir='ltr'>incendio</span> <span class='ocrx_word' id='word_1_23' title='bbox 1412 262 1673 316; x_wconf 79' lang='lat' dir='ltr'>consumpfit.</span> <span class='ocrx_word' id='word_1_24' title='bbox 1723 269 1827 308; x_wconf 80' lang='lat' dir='ltr'>Mox</span> <span class='ocrx_word' id='word_1_25' title='bbox 1844 269 1925 310; x_wconf 84' lang='lat' dir='ltr'>La-</span> 
     </span>
     <span class='ocr_line' id='line_1_4' title="bbox 76 310 1926 373; baseline 0.006 -21"><span class='ocrx_word' id='word_1_26' title='bbox 76 325 267 353; x_wconf 89' lang='lat' dir='ltr'>teranum</span> <span class='ocrx_word' id='word_1_27' title='bbox 284 343 293 360; x_wconf 90' lang='lat'>‚</span> <span class='ocrx_word' id='word_1_28' title='bbox 328 311 369 349; x_wconf 61' lang='grc' dir='ltr'>ἃ·</span> <span class='ocrx_word' id='word_1_29' title='bbox 398 311 516 352; x_wconf 82' lang='lat' dir='ltr'>AEdes</span> <span class='ocrx_word' id='word_1_30' title='bbox 532 310 781 351; x_wconf 74' lang='lat' dir='ltr'>pontificias</span> <span class='ocrx_word' id='word_1_31' title='bbox 806 313 1044 363; x_wconf 82' lang='lat' dir='ltr'>occupavit.</span> <span class='ocrx_word' id='word_1_32' title='bbox 1092 313 1153 352; x_wconf 87' lang='lat' dir='ltr'>Ex</span> <span class='ocrx_word' id='word_1_33' title='bbox 1177 325 1222 352; x_wconf 84' lang='lat' dir='ltr'>ea</span> <span class='ocrx_word' id='word_1_34' title='bbox 1244 314 1360 355; x_wconf 87' lang='lat' dir='ltr'>velut</span> <span class='ocrx_word' id='word_1_35' title='bbox 1374 329 1467 356; x_wconf 85' lang='lat' dir='ltr'>arce</span> <span class='ocrx_word' id='word_1_36' title='bbox 1483 316 1743 369; x_wconf 79' lang='lat' dir='ltr'>Capitolium</span> <span class='ocrx_word' id='word_1_37' title='bbox 1760 325 1897 363; x_wconf 87' lang='lat' dir='ltr'>versus</span> <span class='ocrx_word' id='word_1_38' title='bbox 1913 355 1926 373; x_wconf 88' lang='lat'><em>‚</em></span> 
     </span>
     <span class='ocr_line' id='line_1_5' title="bbox 76 364 1925 425; baseline 0.004 -19"><span class='ocrx_word' id='word_1_39' title='bbox 76 366 189 421; x_wconf 86' lang='lat' dir='ltr'>quod</span> <span class='ocrx_word' id='word_1_40' title='bbox 215 365 420 406; x_wconf 84' lang='lat' dir='ltr'>tenebant</span> <span class='ocrx_word' id='word_1_41' title='bbox 445 364 605 414; x_wconf 86' lang='lat' dir='ltr'>hostes,</span> <span class='ocrx_word' id='word_1_42' title='bbox 636 364 777 415; x_wconf 85' lang='lat' dir='ltr'>ferro,</span> <span class='ocrx_word' id='word_1_43' title='bbox 813 368 855 406; x_wconf 70' lang='grc' dir='ltr'>δε</span> <span class='ocrx_word' id='word_1_44' title='bbox 880 366 977 419; x_wconf 88' lang='lat' dir='ltr'>igne</span> <span class='ocrx_word' id='word_1_45' title='bbox 1002 366 1114 406; x_wconf 75' lang='lat' dir='ltr'>viam</span> <span class='ocrx_word' id='word_1_46' title='bbox 1139 368 1313 418; x_wconf 83' lang='lat' dir='ltr'>aperuit.</span> <span class='ocrx_word' id='word_1_47' title='bbox 1362 372 1503 423; x_wconf 80' lang='lat' dir='ltr'><strong>Quare</strong></span> <span class='ocrx_word' id='word_1_48' title='bbox 1528 374 1570 411; x_wconf 70' lang='grc' dir='ltr'>δε</span> <span class='ocrx_word' id='word_1_49' title='bbox 1597 373 1668 413; x_wconf 81' lang='lat' dir='ltr'>illa</span> <span class='ocrx_word' id='word_1_50' title='bbox 1683 389 1773 425; x_wconf 88' lang='lat' dir='ltr'>pars</span> <span class='ocrx_word' id='word_1_51' title='bbox 1791 378 1925 419; x_wconf 82' lang='lat' dir='ltr'>Urbis</span> 
     </span>
     <span class='ocr_line' id='line_1_6' title="bbox 78 418 1922 483; baseline 0.005 -21"><span class='ocrx_word' id='word_1_52' title='bbox 78 423 244 463; x_wconf 88' lang='lat' dir='ltr'>eversa:</span> <span class='ocrx_word' id='word_1_53' title='bbox 284 421 327 459; x_wconf 88' lang='lat'>&amp;</span> <span class='ocrx_word' id='word_1_54' title='bbox 352 420 482 471; x_wconf 83' lang='lat' dir='ltr'>ipsum</span> <span class='ocrx_word' id='word_1_55' title='bbox 509 420 775 472; x_wconf 85' lang='lat' dir='ltr'>Capitolium</span> <span class='ocrx_word' id='word_1_56' title='bbox 798 418 886 461; x_wconf 88' lang='lat' dir='ltr'>fere</span> <span class='ocrx_word' id='word_1_57' title='bbox 901 422 989 462; x_wconf 90' lang='lat' dir='ltr'>solo</span> <span class='ocrx_word' id='word_1_58' title='bbox 1008 434 1127 460; x_wconf 87' lang='lat' dir='ltr'>tenus</span> <span class='ocrx_word' id='word_1_59' title='bbox 1142 435 1350 475; x_wconf 63' lang='lat' dir='ltr'>aequatum</span> <span class='ocrx_word' id='word_1_60' title='bbox 1366 426 1433 465; x_wconf 87' lang='lat' dir='ltr'>est.</span> <span class='ocrx_word' id='word_1_61' title='bbox 1481 424 1585 466; x_wconf 90' lang='lat' dir='ltr'>Inde</span> <span class='ocrx_word' id='word_1_62' title='bbox 1602 429 1763 470; x_wconf 82' lang='lat' dir='ltr'>Civitas</span> <span class='ocrx_word' id='word_1_63' title='bbox 1776 432 1922 483; x_wconf 76' lang='lat' dir='ltr'>praedae</span> 
     </span>
     <span class='ocr_line' id='line_1_7' title="bbox 77 474 1923 532; baseline 0.005 -15"><span class='ocrx_word' id='word_1_64' title='bbox 77 476 201 517; x_wconf 81' lang='lat' dir='ltr'>data:</span> <span class='ocrx_word' id='word_1_65' title='bbox 238 478 279 517; x_wconf 88' lang='lat'>&amp;</span> <span class='ocrx_word' id='word_1_66' title='bbox 309 475 467 515; x_wconf 90' lang='lat' dir='ltr'>solutus</span> <span class='ocrx_word' id='word_1_67' title='bbox 488 474 704 515; x_wconf 72' lang='lat' dir='ltr'>obsidione</span> <span class='ocrx_word' id='word_1_68' title='bbox 728 474 942 517; x_wconf 85' lang='lat' dir='ltr'>Pontifex.</span> <span class='ocrx_word' id='word_1_69' title='bbox 989 477 1173 517; x_wconf 85' lang='lat' dir='ltr'>Duraret</span> <span class='ocrx_word' id='word_1_70' title='bbox 1200 476 1413 532; x_wconf 86' lang='lat' dir='ltr'>hodieque</span> <span class='ocrx_word' id='word_1_71' title='bbox 1437 479 1476 519; x_wconf 90' lang='lat' dir='ltr'>in</span> <span class='ocrx_word' id='word_1_72' title='bbox 1496 482 1637 522; x_wconf 83' lang='lat' dir='ltr'>Coelio</span> <span class='ocrx_word' id='word_1_73' title='bbox 1651 484 1832 526; x_wconf 77' lang='lat' dir='ltr'>Monte,</span> <span class='ocrx_word' id='word_1_74' title='bbox 1859 487 1923 526; x_wconf 89' lang='lat' dir='ltr'>in-</span> 
     </span>
     <span class='ocr_line' id='line_1_8' title="bbox 80 529 1921 586; baseline 0.001 -15"><span class='ocrx_word' id='word_1_75' title='bbox 80 544 224 584; x_wconf 80' lang='lat' dir='ltr'>terque</span> <span class='ocrx_word' id='word_1_76' title='bbox 248 530 405 584; x_wconf 86' lang='lat' dir='ltr'>ipsum,</span> <span class='ocrx_word' id='word_1_77' title='bbox 441 529 483 568; x_wconf 85' lang='lat'>&amp;</span> <span class='ocrx_word' id='word_1_78' title='bbox 510 530 768 582; x_wconf 79' lang='lat' dir='ltr'>Capitolium</span> <span class='ocrx_word' id='word_1_79' title='bbox 794 530 1047 571; x_wconf 84' lang='lat' dir='ltr'>miserabilis</span> <span class='ocrx_word' id='word_1_80' title='bbox 1073 530 1202 571; x_wconf 78' lang='lat' dir='ltr'>facies</span> <span class='ocrx_word' id='word_1_81' title='bbox 1215 532 1422 583; x_wconf 79' lang='lat' dir='ltr'>prostrata:</span> <span class='ocrx_word' id='word_1_82' title='bbox 1440 537 1598 586; x_wconf 82' lang='lat' dir='ltr'>Urbis,</span> <span class='ocrx_word' id='word_1_83' title='bbox 1634 537 1758 577; x_wconf 81' lang='lat' dir='ltr'>nisiin</span> <span class='ocrx_word' id='word_1_84' title='bbox 1775 540 1921 581; x_wconf 78' lang='lat' dir='ltr'>horto-</span> 
     </span>
     <span class='ocr_line' id='line_1_9' title="bbox 78 585 1922 643; baseline 0.005 -16"><span class='ocrx_word' id='word_1_85' title='bbox 78 600 166 627; x_wconf 87' lang='lat' dir='ltr'>rum</span> <span class='ocrx_word' id='word_1_86' title='bbox 182 587 509 639; x_wconf 87' lang='lat' dir='ltr'>vinetorumque</span> <span class='ocrx_word' id='word_1_87' title='bbox 520 585 821 625; x_wconf 81' lang='lat' dir='ltr'>amoenitatem</span> <span class='ocrx_word' id='word_1_88' title='bbox 839 585 980 626; x_wconf 82' lang='lat' dir='ltr'>Roma</span> <span class='ocrx_word' id='word_1_89' title='bbox 994 586 1290 636; x_wconf 72' lang='lat' dir='ltr'>resurrexisset,</span> <span class='ocrx_word' id='word_1_90' title='bbox 1316 601 1360 628; x_wconf 88' lang='lat' dir='ltr'>ut</span> <span class='ocrx_word' id='word_1_91' title='bbox 1373 602 1578 643; x_wconf 87' lang='lat' dir='ltr'>perpetua</span> <span class='ocrx_word' id='word_1_92' title='bbox 1593 591 1810 634; x_wconf 79' lang='lat' dir='ltr'>viriditate</span> <span class='ocrx_word' id='word_1_93' title='bbox 1824 609 1922 636; x_wconf 83' lang='lat' dir='ltr'>con—</span> 
     </span>
     <span class='ocr_line' id='line_1_10' title="bbox 77 638 802 697; baseline -0.003 -15"><span class='ocrx_word' id='word_1_94' title='bbox 77 653 243 697; x_wconf 81' lang='lat' dir='ltr'>tegeret</span> <span class='ocrx_word' id='word_1_95' title='bbox 259 641 431 681; x_wconf 87' lang='lat' dir='ltr'>vulnera</span> <span class='ocrx_word' id='word_1_96' title='bbox 446 663 458 681; x_wconf 83' lang='lat'><em>‚</em></span> <span class='ocrx_word' id='word_1_97' title='bbox 490 638 530 677; x_wconf 72' lang='grc' dir='ltr'>δε</span> <span class='ocrx_word' id='word_1_98' title='bbox 551 639 688 680; x_wconf 84' lang='lat' dir='ltr'>ruinas</span> <span class='ocrx_word' id='word_1_99' title='bbox 699 642 802 681; x_wconf 82' lang='lat' dir='ltr'>suas.</span> 
     </span>
    </p>

    <p class='ocr_par' dir='ltr' id='par_1_3' title="bbox 67 694 2130 1737">
     <span class='ocr_line' id='line_1_11' title="bbox 131 694 1924 749; baseline 0.007 -15"><span class='ocrx_word' id='word_1_100' title='bbox 131 699 377 748; x_wconf 84' lang='lat' dir='ltr'>Antequam</span> <span class='ocrx_word' id='word_1_101' title='bbox 401 695 488 734; x_wconf 82' lang='lat' dir='ltr'>haec</span> <span class='ocrx_word' id='word_1_102' title='bbox 502 694 644 735; x_wconf 85' lang='lat' dir='ltr'>omnia</span> <span class='ocrx_word' id='word_1_103' title='bbox 659 707 907 748; x_wconf 83' lang='lat' dir='ltr'>gererentur</span> <span class='ocrx_word' id='word_1_104' title='bbox 920 726 932 744; x_wconf 86' lang='lat'>‚</span> <span class='ocrx_word' id='word_1_105' title='bbox 964 694 1151 747; x_wconf 78' lang='lat' dir='ltr'>ejusdem</span> <span class='ocrx_word' id='word_1_106' title='bbox 1164 696 1358 738; x_wconf 85' lang='lat' dir='ltr'>Guiberti</span> <span class='ocrx_word' id='word_1_107' title='bbox 1376 712 1504 749; x_wconf 85' lang='lat' dir='ltr'>opera</span> <span class='ocrx_word' id='word_1_108' title='bbox 1520 701 1688 742; x_wconf 86' lang='lat' dir='ltr'>Cincius</span> <span class='ocrx_word' id='word_1_109' title='bbox 1703 703 1924 747; x_wconf 89' lang='lat' dir='ltr'>Romanus</span> 
     </span>
     <span class='ocr_line' id='line_1_12' title="bbox 75 747 1926 811; baseline 0.004 -18"><span class='ocrx_word' id='word_1_110' title='bbox 75 751 281 805; x_wconf 87' lang='lat' dir='ltr'>Stephani</span> <span class='ocrx_word' id='word_1_111' title='bbox 310 747 499 790; x_wconf 61' lang='lat' dir='ltr'>Praefecti</span> <span class='ocrx_word' id='word_1_112' title='bbox 525 748 634 789; x_wconf 85' lang='lat' dir='ltr'>filius</span> <span class='ocrx_word' id='word_1_113' title='bbox 660 750 782 790; x_wconf 87' lang='lat' dir='ltr'>sacris</span> <span class='ocrx_word' id='word_1_114' title='bbox 792 763 1039 804; x_wconf 85' lang='lat' dir='ltr'>operantem</span> <span class='ocrx_word' id='word_1_115' title='bbox 1057 752 1308 804; x_wconf 80' lang='lat' dir='ltr'>Gregorium</span> <span class='ocrx_word' id='word_1_116' title='bbox 1326 753 1366 791; x_wconf 89' lang='lat' dir='ltr'>in</span> <span class='ocrx_word' id='word_1_117' title='bbox 1383 754 1571 808; x_wconf 87' lang='lat' dir='ltr'>Templo</span> <span class='ocrx_word' id='word_1_118' title='bbox 1589 757 1810 811; x_wconf 75' lang='lat' dir='ltr'>Esquilinae</span> <span class='ocrx_word' id='word_1_119' title='bbox 1827 761 1926 800; x_wconf 90' lang='lat' dir='ltr'>Vir-</span> 
     </span>
     <span class='ocr_line' id='line_1_13' title="bbox 72 802 1922 868; baseline 0.005 -22"><span class='ocrx_word' id='word_1_120' title='bbox 72 808 181 860; x_wconf 76' lang='lat' dir='ltr'>ginis</span> <span class='ocrx_word' id='word_1_121' title='bbox 204 817 373 858; x_wconf 88' lang='lat' dir='ltr'>captum</span> <span class='ocrx_word' id='word_1_122' title='bbox 390 835 400 853; x_wconf 93' lang='lat'>‚</span> <span class='ocrx_word' id='word_1_123' title='bbox 432 805 473 845; x_wconf 89' lang='lat'>&amp;</span> <span class='ocrx_word' id='word_1_124' title='bbox 496 802 536 842; x_wconf 93' lang='lat' dir='ltr'>in</span> <span class='ocrx_word' id='word_1_125' title='bbox 555 803 744 845; x_wconf 87' lang='lat' dir='ltr'>Parionis</span> <span class='ocrx_word' id='word_1_126' title='bbox 757 806 973 859; x_wconf 87' lang='lat' dir='ltr'>regionem</span> <span class='ocrx_word' id='word_1_127' title='bbox 988 805 1216 846; x_wconf 66' lang='lat' dir='ltr'>deductum</span> <span class='ocrx_word' id='word_1_128' title='bbox 1231 808 1332 847; x_wconf 88' lang='lat' dir='ltr'>turri</span> <span class='ocrx_word' id='word_1_129' title='bbox 1347 808 1584 852; x_wconf 83' lang='lat' dir='ltr'>incluserat.</span> <span class='ocrx_word' id='word_1_130' title='bbox 1632 813 1710 853; x_wconf 84' lang='lat' dir='ltr'>Sed</span> <span class='ocrx_word' id='word_1_131' title='bbox 1724 814 1922 868; x_wconf 89' lang='lat' dir='ltr'>postridie</span> 
     </span>
     <span class='ocr_line' id='line_1_14' title="bbox 73 859 1923 917; baseline 0.004 -14"><span class='ocrx_word' id='word_1_132' title='bbox 73 862 259 914; x_wconf 84' lang='lat' dir='ltr'>Populus</span> <span class='ocrx_word' id='word_1_133' title='bbox 292 859 513 900; x_wconf 81' lang='lat' dir='ltr'>Romanus</span> <span class='ocrx_word' id='word_1_134' title='bbox 540 859 716 912; x_wconf 88' lang='lat' dir='ltr'>sumptis</span> <span class='ocrx_word' id='word_1_135' title='bbox 735 861 886 906; x_wconf 82' lang='lat' dir='ltr'>armis,</span> <span class='ocrx_word' id='word_1_136' title='bbox 925 859 1158 914; x_wconf 82' lang='lat' dir='ltr'>affertoque</span> <span class='ocrx_word' id='word_1_137' title='bbox 1179 861 1220 902; x_wconf 91' lang='lat' dir='ltr'>in</span> <span class='ocrx_word' id='word_1_138' title='bbox 1245 862 1492 905; x_wconf 85' lang='lat' dir='ltr'>libertatem</span> <span class='ocrx_word' id='word_1_139' title='bbox 1519 866 1753 917; x_wconf 81' lang='lat' dir='ltr'>Pontifice,</span> <span class='ocrx_word' id='word_1_140' title='bbox 1797 869 1923 910; x_wconf 85' lang='lat' dir='ltr'>auda-</span> 
     </span>
     <span class='ocr_line' id='line_1_15' title="bbox 73 912 1922 978; baseline 0.004 -21"><span class='ocrx_word' id='word_1_141' title='bbox 73 917 215 958; x_wconf 82' lang='lat' dir='ltr'>ciffimi</span> <span class='ocrx_word' id='word_1_142' title='bbox 241 914 427 956; x_wconf 87' lang='lat' dir='ltr'>hominis</span> <span class='ocrx_word' id='word_1_143' title='bbox 452 912 583 954; x_wconf 74' lang='lat' dir='ltr'>AEdes</span> <span class='ocrx_word' id='word_1_144' title='bbox 599 914 830 970; x_wconf 87' lang='lat' dir='ltr'>turrimque</span> <span class='ocrx_word' id='word_1_145' title='bbox 844 915 1004 955; x_wconf 86' lang='lat' dir='ltr'>evertit</span> <span class='ocrx_word' id='word_1_146' title='bbox 1022 946 1032 963; x_wconf 91' lang='lat'>‚</span> <span class='ocrx_word' id='word_1_147' title='bbox 1065 916 1627 973; x_wconf 85' lang='lat' dir='ltr'>publicatisinsuperbonis;</span> <span class='ocrx_word' id='word_1_148' title='bbox 1661 924 1856 978; x_wconf 84' lang='lat' dir='ltr'>pulsaque</span> <span class='ocrx_word' id='word_1_149' title='bbox 1871 925 1922 965; x_wconf 85' lang='lat' dir='ltr'>ab</span> 
     </span>
     <span class='ocr_line' id='line_1_16' title="bbox 80 969 1920 1031; baseline 0.007 -21"><span class='ocrx_word' id='word_1_150' title='bbox 80 972 202 1014; x_wconf 90' lang='lat' dir='ltr'>Urbe</span> <span class='ocrx_word' id='word_1_151' title='bbox 226 969 386 1011; x_wconf 83' lang='lat' dir='ltr'>familia</span> <span class='ocrx_word' id='word_1_152' title='bbox 401 969 566 1009; x_wconf 80' lang='lat' dir='ltr'>naribus</span> <span class='ocrx_word' id='word_1_153' title='bbox 580 970 793 1011; x_wconf 83' lang='lat' dir='ltr'>mutilata.</span> <span class='ocrx_word' id='word_1_154' title='bbox 838 970 952 1010; x_wconf 88' lang='lat' dir='ltr'>Petri</span> <span class='ocrx_word' id='word_1_155' title='bbox 967 971 1095 1010; x_wconf 85' lang='lat' dir='ltr'>etiam</span> <span class='ocrx_word' id='word_1_156' title='bbox 1115 972 1392 1026; x_wconf 77' lang='lat' dir='ltr'>Frangipanis</span> <span class='ocrx_word' id='word_1_157' title='bbox 1405 975 1576 1015; x_wconf 87' lang='lat' dir='ltr'>domum</span> <span class='ocrx_word' id='word_1_158' title='bbox 1595 979 1804 1031; x_wconf 82' lang='lat' dir='ltr'>Gregorio</span> <span class='ocrx_word' id='word_1_159' title='bbox 1828 981 1920 1022; x_wconf 88' lang='lat' dir='ltr'>IX.</span> 
     </span>
     <span class='ocr_line' id='line_1_17' title="bbox 74 1023 1923 1081; baseline 0.005 -15"><span class='ocrx_word' id='word_1_160' title='bbox 74 1039 211 1066; x_wconf 83' lang='lat' dir='ltr'>rerum</span> <span class='ocrx_word' id='word_1_161' title='bbox 238 1025 432 1077; x_wconf 84' lang='lat' dir='ltr'>potiente</span> <span class='ocrx_word' id='word_1_162' title='bbox 460 1023 685 1064; x_wconf 81' lang='lat' dir='ltr'>Pontificia</span> <span class='ocrx_word' id='word_1_163' title='bbox 700 1023 829 1065; x_wconf 63' lang='lat' dir='ltr'>factio</span> <span class='ocrx_word' id='word_1_164' title='bbox 845 1039 938 1065; x_wconf 89' lang='lat' dir='ltr'>cum</span> <span class='ocrx_word' id='word_1_165' title='bbox 958 1025 1082 1065; x_wconf 85' lang='lat' dir='ltr'>Turri</span> <span class='ocrx_word' id='word_1_166' title='bbox 1104 1057 1115 1074; x_wconf 87' lang='lat'>‚</span> <span class='ocrx_word' id='word_1_167' title='bbox 1148 1038 1233 1078; x_wconf 80' lang='lat' dir='ltr'>quae</span> <span class='ocrx_word' id='word_1_168' title='bbox 1249 1029 1511 1071; x_wconf 79' lang='lat' dir='ltr'>Cancellaria</span> <span class='ocrx_word' id='word_1_169' title='bbox 1526 1030 1770 1081; x_wconf 77' lang='lat' dir='ltr'>dicebatur,</span> <span class='ocrx_word' id='word_1_170' title='bbox 1803 1048 1923 1075; x_wconf 90' lang='lat' dir='ltr'>ever-</span> 
     </span>
     <span class='ocr_line' id='line_1_18' title="bbox 74 1079 1921 1137; baseline 0.004 -15"><span class='ocrx_word' id='word_1_171' title='bbox 74 1081 145 1122; x_wconf 89' lang='lat' dir='ltr'>tit.</span> <span class='ocrx_word' id='word_1_172' title='bbox 193 1080 341 1121; x_wconf 88' lang='lat' dir='ltr'>Petrus</span> <span class='ocrx_word' id='word_1_173' title='bbox 363 1079 743 1131; x_wconf 80' lang='lat' dir='ltr'>enimGi-egorium</span> <span class='ocrx_word' id='word_1_174' title='bbox 759 1079 893 1121; x_wconf 90' lang='lat' dir='ltr'>Urbis</span> <span class='ocrx_word' id='word_1_175' title='bbox 906 1080 1327 1133; x_wconf 85' lang='lat' dir='ltr'>adituprohibuerat.</span> <span class='ocrx_word' id='word_1_176' title='bbox 1373 1086 1404 1124; x_wconf 80' lang='lat' dir='ltr'>A</span> <span class='ocrx_word' id='word_1_177' title='bbox 1419 1087 1668 1127; x_wconf 83' lang='lat' dir='ltr'>tCorsorum</span> <span class='ocrx_word' id='word_1_178' title='bbox 1684 1119 1695 1137; x_wconf 90' lang='lat'>‚</span> <span class='ocrx_word' id='word_1_179' title='bbox 1734 1089 1921 1130; x_wconf 86' lang='lat' dir='ltr'>Romani</span> 
     </span>
     <span class='ocr_line' id='line_1_19' title="bbox 75 1134 1919 1192; baseline 0.004 -16"><span class='ocrx_word' id='word_1_180' title='bbox 75 1136 343 1190; x_wconf 86' lang='lat' dir='ltr'>potentisque</span> <span class='ocrx_word' id='word_1_181' title='bbox 364 1135 530 1187; x_wconf 82' lang='lat' dir='ltr'>generis</span> <span class='ocrx_word' id='word_1_182' title='bbox 553 1134 603 1173; x_wconf 77' lang='lat' dir='ltr'>ffi</span> <span class='ocrx_word' id='word_1_183' title='bbox 622 1135 662 1176; x_wconf 94' lang='lat' dir='ltr'>D</span> <span class='ocrx_word' id='word_1_184' title='bbox 678 1134 711 1174; x_wconf 76' lang='lat' dir='ltr'>E</span> <span class='ocrx_word' id='word_1_185' title='bbox 726 1135 839 1189; x_wconf 10' lang='lat' dir='ltr'>Sbsub</span> <span class='ocrx_word' id='word_1_186' title='bbox 864 1134 1082 1187; x_wconf 82' lang='lat' dir='ltr'>Capitolio</span> <span class='ocrx_word' id='word_1_187' title='bbox 1105 1136 1283 1188; x_wconf 82' lang='lat' dir='ltr'>infignes</span> <span class='ocrx_word' id='word_1_188' title='bbox 1295 1137 1345 1177; x_wconf 91' lang='lat' dir='ltr'>ab</span> <span class='ocrx_word' id='word_1_189' title='bbox 1360 1139 1553 1180; x_wconf 88' lang='lat' dir='ltr'>Henrico</span> <span class='ocrx_word' id='word_1_190' title='bbox 1566 1142 1735 1192; x_wconf 85' lang='lat' dir='ltr'>exustae,</span> <span class='ocrx_word' id='word_1_191' title='bbox 1769 1158 1816 1184; x_wconf 85' lang='lat' dir='ltr'>ac</span> <span class='ocrx_word' id='word_1_192' title='bbox 1830 1145 1919 1184; x_wconf 92' lang='lat' dir='ltr'>solo</span> 
     </span>
     <span class='ocr_line' id='line_1_20' title="bbox 75 1188 1920 1249; baseline 0.004 -19"><span class='ocrx_word' id='word_1_193' title='bbox 75 1202 243 1246; x_wconf 83' lang='lat' dir='ltr'>aequatae</span> <span class='ocrx_word' id='word_1_194' title='bbox 265 1191 380 1235; x_wconf 85' lang='lat' dir='ltr'>sunt,</span> <span class='ocrx_word' id='word_1_195' title='bbox 413 1188 527 1244; x_wconf 91' lang='lat' dir='ltr'>quod</span> <span class='ocrx_word' id='word_1_196' title='bbox 550 1203 627 1243; x_wconf 89' lang='lat' dir='ltr'>pro</span> <span class='ocrx_word' id='word_1_197' title='bbox 652 1190 860 1241; x_wconf 85' lang='lat' dir='ltr'>Gregorio</span> <span class='ocrx_word' id='word_1_198' title='bbox 881 1190 992 1231; x_wconf 76' lang='lat' dir='ltr'>Corsi</span> <span class='ocrx_word' id='word_1_199' title='bbox 1016 1189 1202 1231; x_wconf 89' lang='lat' dir='ltr'>fideliter</span> <span class='ocrx_word' id='word_1_200' title='bbox 1218 1222 1229 1240; x_wconf 90' lang='lat'>,</span> <span class='ocrx_word' id='word_1_201' title='bbox 1262 1191 1520 1247; x_wconf 88' lang='lat' dir='ltr'>fortiterque</span> <span class='ocrx_word' id='word_1_202' title='bbox 1533 1198 1792 1249; x_wconf 76' lang='lat' dir='ltr'>pugnabant.</span> <span class='ocrx_word' id='word_1_203' title='bbox 1837 1199 1920 1239; x_wconf 89' lang='lat' dir='ltr'>Sed</span> 
     </span>
     <span class='ocr_line' id='line_1_21' title="bbox 74 1244 1917 1303; baseline 0.004 -17"><span class='ocrx_word' id='word_1_204' title='bbox 74 1245 282 1286; x_wconf 85' lang='lat' dir='ltr'>firmiores</span> <span class='ocrx_word' id='word_1_205' title='bbox 302 1244 392 1285; x_wconf 87' lang='lat' dir='ltr'>aliae</span> <span class='ocrx_word' id='word_1_206' title='bbox 414 1245 467 1284; x_wconf 87' lang='lat' dir='ltr'>ab</span> <span class='ocrx_word' id='word_1_207' title='bbox 492 1244 640 1284; x_wconf 88' lang='lat' dir='ltr'>iisdem</span> <span class='ocrx_word' id='word_1_208' title='bbox 663 1244 855 1285; x_wconf 62' lang='lat' dir='ltr'>extruaae</span> <span class='ocrx_word' id='word_1_209' title='bbox 870 1276 882 1293; x_wconf 86' lang='lat'>,</span> <span class='ocrx_word' id='word_1_210' title='bbox 914 1245 956 1285; x_wconf 88' lang='lat' dir='ltr'>in</span> <span class='ocrx_word' id='word_1_211' title='bbox 975 1245 1126 1298; x_wconf 89' lang='lat' dir='ltr'>quibus</span> <span class='ocrx_word' id='word_1_212' title='bbox 1148 1247 1329 1288; x_wconf 84' lang='lat' dir='ltr'>Gelafius</span> <span class='ocrx_word' id='word_1_213' title='bbox 1346 1248 1547 1291; x_wconf 87' lang='lat' dir='ltr'>Pontifex</span> <span class='ocrx_word' id='word_1_214' title='bbox 1562 1252 1643 1291; x_wconf 90' lang='lat' dir='ltr'>sese</span> <span class='ocrx_word' id='word_1_215' title='bbox 1660 1264 1821 1294; x_wconf 85' lang='lat' dir='ltr'>tutatus</span> <span class='ocrx_word' id='word_1_216' title='bbox 1835 1254 1889 1294; x_wconf 88' lang='lat' dir='ltr'>est</span> <span class='ocrx_word' id='word_1_217' title='bbox 1905 1285 1917 1303; x_wconf 92' lang='lat'>‚</span> 
     </span>
     <span class='ocr_line' id='line_1_22' title="bbox 72 1298 1917 1360; baseline -0.001 -18"><span class='ocrx_word' id='word_1_218' title='bbox 72 1315 165 1342; x_wconf 88' lang='lat' dir='ltr'>cum</span> <span class='ocrx_word' id='word_1_219' title='bbox 190 1312 288 1341; x_wconf 88' lang='lat' dir='ltr'>ante</span> <span class='ocrx_word' id='word_1_220' title='bbox 312 1299 363 1340; x_wconf 86' lang='lat' dir='ltr'>ad</span> <span class='ocrx_word' id='word_1_221' title='bbox 385 1298 627 1352; x_wconf 77' lang='lat' dir='ltr'>Bulgamini</span> <span class='ocrx_word' id='word_1_222' title='bbox 651 1298 826 1340; x_wconf 88' lang='lat' dir='ltr'>domum</span> <span class='ocrx_word' id='word_1_223' title='bbox 851 1300 951 1340; x_wconf 88' lang='lat' dir='ltr'>clari</span> <span class='ocrx_word' id='word_1_224' title='bbox 967 1300 1072 1341; x_wconf 84' lang='lat' dir='ltr'>item</span> <span class='ocrx_word' id='word_1_225' title='bbox 1087 1301 1200 1342; x_wconf 89' lang='lat' dir='ltr'>Civis</span> <span class='ocrx_word' id='word_1_226' title='bbox 1212 1301 1479 1356; x_wconf 76' lang='lat' dir='ltr'>confugisset.</span> <span class='ocrx_word' id='word_1_227' title='bbox 1526 1308 1617 1347; x_wconf 87' lang='lat' dir='ltr'>Nec</span> <span class='ocrx_word' id='word_1_228' title='bbox 1633 1307 1771 1360; x_wconf 74' lang='lat' dir='ltr'>postea</span> <span class='ocrx_word' id='word_1_229' title='bbox 1789 1310 1917 1350; x_wconf 77' lang='lat' dir='ltr'>Inno-</span> 
     </span>
     <span class='ocr_line' id='line_1_23' title="bbox 71 1353 1920 1413; baseline 0.004 -17"><span class='ocrx_word' id='word_1_230' title='bbox 71 1355 218 1400; x_wconf 89' lang='lat' dir='ltr'>centio</span> <span class='ocrx_word' id='word_1_231' title='bbox 241 1357 309 1396; x_wconf 88' lang='grc' dir='ltr'>ΙΙ.</span> <span class='ocrx_word' id='word_1_232' title='bbox 333 1353 430 1395; x_wconf 82' lang='lat' dir='ltr'>cum</span> <span class='ocrx_word' id='word_1_233' title='bbox 454 1356 540 1396; x_wconf 90' lang='lat' dir='ltr'>vim</span> <span class='ocrx_word' id='word_1_234' title='bbox 568 1355 765 1395; x_wconf 86' lang='lat' dir='ltr'>Anacleti</span> <span class='ocrx_word' id='word_1_235' title='bbox 781 1354 1015 1396; x_wconf 79' lang='lat' dir='ltr'>declinaret</span> <span class='ocrx_word' id='word_1_236' title='bbox 1032 1387 1045 1405; x_wconf 93' lang='lat'>,</span> <span class='ocrx_word' id='word_1_237' title='bbox 1076 1355 1189 1396; x_wconf 89' lang='lat' dir='ltr'>aliud</span> <span class='ocrx_word' id='word_1_238' title='bbox 1205 1357 1245 1396; x_wconf 88' lang='lat' dir='ltr'>in</span> <span class='ocrx_word' id='word_1_239' title='bbox 1264 1356 1386 1398; x_wconf 86' lang='lat' dir='ltr'>Urbe</span> <span class='ocrx_word' id='word_1_240' title='bbox 1399 1359 1615 1401; x_wconf 78' lang='lat' dir='ltr'>subsidium</span> <span class='ocrx_word' id='word_1_241' title='bbox 1633 1375 1823 1413; x_wconf 87' lang='lat' dir='ltr'>paratum</span> <span class='ocrx_word' id='word_1_242' title='bbox 1837 1363 1920 1413; x_wconf 90' lang='lat' dir='ltr'>est,</span> 
     </span>
     <span class='ocr_line' id='line_1_24' title="bbox 72 1410 1920 1472; baseline 0.004 -22"><span class='ocrx_word' id='word_1_243' title='bbox 72 1423 224 1467; x_wconf 84' lang='lat' dir='ltr'>praeter</span> <span class='ocrx_word' id='word_1_244' title='bbox 240 1411 462 1450; x_wconf 86' lang='lat' dir='ltr'>Corsorum</span> <span class='ocrx_word' id='word_1_245' title='bbox 477 1441 489 1458; x_wconf 87' lang='lat'>,</span> <span class='ocrx_word' id='word_1_246' title='bbox 519 1410 563 1448; x_wconf 74' lang='grc' dir='ltr'>δε</span> <span class='ocrx_word' id='word_1_247' title='bbox 581 1410 894 1463; x_wconf 60' lang='lat' dir='ltr'>Frangit-»anum</span> <span class='ocrx_word' id='word_1_248' title='bbox 909 1411 1074 1452; x_wconf 89' lang='lat' dir='ltr'>domos.</span> <span class='ocrx_word' id='word_1_249' title='bbox 1116 1411 1288 1453; x_wconf 79' lang='lat' dir='ltr'>AEDES</span> <span class='ocrx_word' id='word_1_250' title='bbox 1309 1413 1414 1453; x_wconf 88' lang='lat' dir='ltr'>item</span> <span class='ocrx_word' id='word_1_251' title='bbox 1431 1414 1544 1455; x_wconf 89' lang='lat' dir='ltr'>Petri</span> <span class='ocrx_word' id='word_1_252' title='bbox 1562 1416 1721 1456; x_wconf 85' lang='lat' dir='ltr'>Leonis</span> <span class='ocrx_word' id='word_1_253' title='bbox 1736 1448 1747 1466; x_wconf 91' lang='lat'>,</span> <span class='ocrx_word' id='word_1_254' title='bbox 1773 1418 1920 1472; x_wconf 88' lang='lat' dir='ltr'>quibus</span> 
     </span>
     <span class='ocr_line' id='line_1_25' title="bbox 71 1463 2130 1525; baseline 0.003 -19"><span class='ocrx_word' id='word_1_255' title='bbox 71 1465 275 1519; x_wconf 86' lang='lat' dir='ltr'>Capitolii</span> <span class='ocrx_word' id='word_1_256' title='bbox 300 1477 420 1518; x_wconf 85' lang='lat' dir='ltr'>rupes</span> <span class='ocrx_word' id='word_1_257' title='bbox 442 1463 723 1514; x_wconf 84' lang='lat' dir='ltr'>imminebat,</span> <span class='ocrx_word' id='word_1_258' title='bbox 755 1477 843 1505; x_wconf 91' lang='lat' dir='ltr'>tum</span> <span class='ocrx_word' id='word_1_259' title='bbox 868 1465 1032 1506; x_wconf 89' lang='lat' dir='ltr'>nobiles</span> <span class='ocrx_word' id='word_1_260' title='bbox 1056 1464 1188 1507; x_wconf 88' lang='lat' dir='ltr'>fuere.</span> <span class='ocrx_word' id='word_1_261' title='bbox 1231 1468 1393 1508; x_wconf 87' lang='lat' dir='ltr'>Multas</span> <span class='ocrx_word' id='word_1_262' title='bbox 1414 1482 1554 1510; x_wconf 89' lang='lat' dir='ltr'>autem</span> <span class='ocrx_word' id='word_1_263' title='bbox 1571 1472 1834 1523; x_wconf 85' lang='lat' dir='ltr'>privatorum</span> <span class='ocrx_word' id='word_1_264' title='bbox 1850 1474 1915 1512; x_wconf 93' lang='lat' dir='ltr'>Ci-</span> <span class='ocrx_word' id='word_1_265' title='bbox 1934 1490 2130 1525; x_wconf 63' lang='lat' dir='ltr'>Baromnfm</span> 
     </span>
     <span class='ocr_line' id='line_1_26' title="bbox 72 1519 2051 1589; baseline 0.005 -29"><span class='ocrx_word' id='word_1_266' title='bbox 72 1521 186 1560; x_wconf 78' lang='lat' dir='ltr'>vium</span> <span class='ocrx_word' id='word_1_267' title='bbox 213 1520 286 1561; x_wconf 81' lang='lat' dir='ltr'>illa</span> <span class='ocrx_word' id='word_1_268' title='bbox 309 1519 556 1573; x_wconf 86' lang='lat' dir='ltr'>tempestate</span> <span class='ocrx_word' id='word_1_269' title='bbox 581 1520 623 1559; x_wconf 90' lang='lat' dir='ltr'>in</span> <span class='ocrx_word' id='word_1_270' title='bbox 640 1519 763 1561; x_wconf 89' lang='lat' dir='ltr'>Urbe</span> <span class='ocrx_word' id='word_1_271' title='bbox 778 1520 1038 1562; x_wconf 89' lang='lat' dir='ltr'>munitiones</span> <span class='ocrx_word' id='word_1_272' title='bbox 1054 1521 1169 1561; x_wconf 82' lang='lat' dir='ltr'>fuisse</span> <span class='ocrx_word' id='word_1_273' title='bbox 1183 1536 1433 1576; x_wconf 83' lang='lat' dir='ltr'>argumento</span> <span class='ocrx_word' id='word_1_274' title='bbox 1447 1524 1524 1571; x_wconf 78' lang='lat' dir='ltr'>est3</span> <span class='ocrx_word' id='word_1_275' title='bbox 1555 1526 1666 1580; x_wconf 82' lang='lat' dir='ltr'>quod</span> <span class='ocrx_word' id='word_1_276' title='bbox 1686 1528 1915 1568; x_wconf 81' lang='lat' dir='ltr'>Alexandri</span> <span class='ocrx_word' id='word_1_277' title='bbox 1941 1549 2051 1589; x_wconf 87' lang='lat'>1167.</span> 
     </span>
     <span class='ocr_line' id='line_1_27' title="bbox 74 1574 1919 1634; baseline 0.003 -17"><span class='ocrx_word' id='word_1_278' title='bbox 74 1577 181 1617; x_wconf 89' lang='grc' dir='ltr'><strong>ΙΙΙ.</strong></span> <span class='ocrx_word' id='word_1_279' title='bbox 213 1574 341 1615; x_wconf 87' lang='lat' dir='ltr'>hostis</span> <span class='ocrx_word' id='word_1_280' title='bbox 365 1574 591 1616; x_wconf 87' lang='lat' dir='ltr'>Federicus</span> <span class='ocrx_word' id='word_1_281' title='bbox 618 1574 762 1614; x_wconf 88' lang='lat' dir='ltr'>Roma</span> <span class='ocrx_word' id='word_1_282' title='bbox 786 1574 1048 1625; x_wconf 56' lang='lat' dir='ltr'>discessurus,</span> <span class='ocrx_word' id='word_1_283' title='bbox 1090 1589 1267 1618; x_wconf 78' lang='lat' dir='ltr'>caeteros</span> <span class='ocrx_word' id='word_1_284' title='bbox 1290 1578 1462 1631; x_wconf 88' lang='lat' dir='ltr'>quidem</span> <span class='ocrx_word' id='word_1_285' title='bbox 1486 1580 1537 1620; x_wconf 89' lang='lat' dir='ltr'>ad</span> <span class='ocrx_word' id='word_1_286' title='bbox 1565 1583 1650 1621; x_wconf 86' lang='lat' dir='ltr'>suas</span> <span class='ocrx_word' id='word_1_287' title='bbox 1672 1594 1812 1634; x_wconf 83' lang='lat' dir='ltr'>partes</span> <span class='ocrx_word' id='word_1_288' title='bbox 1836 1595 1919 1623; x_wconf 89' lang='lat' dir='ltr'>tra-</span> 
     </span>
     <span class='ocr_line' id='line_1_28' title="bbox 69 1629 1917 1688; baseline 0.005 -18"><span class='ocrx_word' id='word_1_289' title='bbox 69 1631 215 1671; x_wconf 87' lang='lat' dir='ltr'>duxit:</span> <span class='ocrx_word' id='word_1_290' title='bbox 255 1629 541 1682; x_wconf 81' lang='lat' dir='ltr'>Frangipanes</span> <span class='ocrx_word' id='word_1_291' title='bbox 563 1642 666 1669; x_wconf 89' lang='lat' dir='ltr'>vero</span> <span class='ocrx_word' id='word_1_292' title='bbox 680 1630 1015 1682; x_wconf 84' lang='lat' dir='ltr'>pluresquealios</span> <span class='ocrx_word' id='word_1_293' title='bbox 1028 1631 1218 1681; x_wconf 88' lang='lat' dir='ltr'>nobiles,</span> <span class='ocrx_word' id='word_1_294' title='bbox 1250 1632 1373 1674; x_wconf 89' lang='lat' dir='ltr'>Cives</span> <span class='ocrx_word' id='word_1_295' title='bbox 1388 1665 1400 1684; x_wconf 94' lang='lat'>,</span> <span class='ocrx_word' id='word_1_296' title='bbox 1441 1634 1510 1688; x_wconf 88' lang='lat' dir='ltr'>qni</span> <span class='ocrx_word' id='word_1_297' title='bbox 1525 1637 1723 1688; x_wconf 76' lang='lat' dir='ltr'>praecelsis</span> <span class='ocrx_word' id='word_1_298' title='bbox 1737 1638 1775 1677; x_wconf 87' lang='lat' dir='ltr'>se</span> <span class='ocrx_word' id='word_1_299' title='bbox 1790 1639 1917 1679; x_wconf 87' lang='lat' dir='ltr'>turri-</span> 
     </span>
     <span class='ocr_line' id='line_1_29' title="bbox 67 1683 1774 1737; baseline 0.004 -12"><span class='ocrx_word' id='word_1_300' title='bbox 67 1684 142 1726; x_wconf 90' lang='lat' dir='ltr'>bus</span> <span class='ocrx_word' id='word_1_301' title='bbox 157 1717 168 1734; x_wconf 90' lang='lat'>,</span> <span class='ocrx_word' id='word_1_302' title='bbox 200 1699 248 1726; x_wconf 88' lang='lat' dir='ltr'>ac</span> <span class='ocrx_word' id='word_1_303' title='bbox 263 1684 438 1725; x_wconf 87' lang='lat' dir='ltr'>munitis</span> <span class='ocrx_word' id='word_1_304' title='bbox 452 1683 631 1724; x_wconf 77' lang='lat' dir='ltr'>AEdibus</span> <span class='ocrx_word' id='word_1_305' title='bbox 641 1685 874 1725; x_wconf 84' lang='lat' dir='ltr'>clauserant</span> <span class='ocrx_word' id='word_1_306' title='bbox 889 1715 901 1733; x_wconf 92' lang='lat'>,</span> <span class='ocrx_word' id='word_1_307' title='bbox 936 1698 1018 1725; x_wconf 89' lang='lat' dir='ltr'>non</span> <span class='ocrx_word' id='word_1_308' title='bbox 1033 1687 1174 1737; x_wconf 88' lang='lat' dir='ltr'>potuit</span> <span class='ocrx_word' id='word_1_309' title='bbox 1188 1686 1394 1729; x_wconf 85' lang='lat' dir='ltr'>abducere</span> <span class='ocrx_word' id='word_1_310' title='bbox 1409 1688 1430 1729; x_wconf 71' lang='lat' dir='ltr'>a</span> <span class='ocrx_word' id='word_1_311' title='bbox 1448 1689 1666 1732; x_wconf 83' lang='lat' dir='ltr'>Pontificis</span> <span class='ocrx_word' id='word_1_312' title='bbox 1680 1692 1774 1733; x_wconf 78' lang='lat' dir='ltr'>fide.</span> 
     </span>
    </p>

    <p class='ocr_par' dir='ltr' id='par_1_4' title="bbox 66 1738 2105 2961">
     <span class='ocr_line' id='line_1_30' title="bbox 122 1738 1918 1797; baseline 0.004 -15"><span class='ocrx_word' id='word_1_313' title='bbox 122 1739 206 1782; x_wconf 89' lang='lat' dir='ltr'>Sed</span> <span class='ocrx_word' id='word_1_314' title='bbox 243 1752 286 1780; x_wconf 91' lang='lat' dir='ltr'>ut</span> <span class='ocrx_word' id='word_1_315' title='bbox 317 1753 446 1793; x_wconf 88' lang='lat' dir='ltr'>opera</span> <span class='ocrx_word' id='word_1_316' title='bbox 473 1738 728 1780; x_wconf 87' lang='lat' dir='ltr'>Pontificum</span> <span class='ocrx_word' id='word_1_317' title='bbox 756 1741 976 1792; x_wconf 85' lang='lat' dir='ltr'>persequar</span> <span class='ocrx_word' id='word_1_318' title='bbox 1001 1741 1213 1782; x_wconf 85' lang='lat' dir='ltr'>Paschalis</span> <span class='ocrx_word' id='word_1_319' title='bbox 1234 1741 1302 1784; x_wconf 88' lang='grc' dir='ltr'>ΙΙ.</span> <span class='ocrx_word' id='word_1_320' title='bbox 1334 1743 1578 1797; x_wconf 85' lang='lat' dir='ltr'>quindecim</span> <span class='ocrx_word' id='word_1_321' title='bbox 1607 1747 1646 1787; x_wconf 83' lang='lat' dir='ltr'>T</span> <span class='ocrx_word' id='word_1_322' title='bbox 1663 1748 1696 1788; x_wconf 88' lang='lat' dir='ltr'>E</span> <span class='ocrx_word' id='word_1_323' title='bbox 1713 1748 1761 1788; x_wconf 92' lang='lat' dir='ltr'>M</span> <span class='ocrx_word' id='word_1_324' title='bbox 1778 1746 1859 1787; x_wconf 91' lang='lat' dir='ltr'>PL</span> <span class='ocrx_word' id='word_1_325' title='bbox 1878 1748 1918 1789; x_wconf 84' lang='lat' dir='ltr'><strong>A</strong></span> 
     </span>
     <span class='ocr_line' id='line_1_31' title="bbox 74 1794 1919 1851; baseline 0.004 -15"><span class='ocrx_word' id='word_1_326' title='bbox 74 1796 222 1837; x_wconf 78' lang='lat' dir='ltr'>Romae</span> <span class='ocrx_word' id='word_1_327' title='bbox 245 1794 438 1835; x_wconf 87' lang='lat' dir='ltr'>scribitur</span> <span class='ocrx_word' id='word_1_328' title='bbox 449 1794 701 1835; x_wconf 83' lang='lat' dir='ltr'>consecrasse</span> <span class='ocrx_word' id='word_1_329' title='bbox 720 1810 729 1836; x_wconf 74' lang='grc' dir='ltr'>ε</span> <span class='ocrx_word' id='word_1_330' title='bbox 766 1795 878 1835; x_wconf 86' lang='lat' dir='ltr'>inter</span> <span class='ocrx_word' id='word_1_331' title='bbox 891 1808 977 1848; x_wconf 73' lang='lat' dir='ltr'>quae</span> <span class='ocrx_word' id='word_1_332' title='bbox 995 1794 1074 1836; x_wconf 89' lang='lat' dir='ltr'>fuit</span> <span class='ocrx_word' id='word_1_333' title='bbox 1091 1797 1210 1838; x_wconf 81' lang='lat' dir='ltr'>AEdes</span> <span class='ocrx_word' id='word_1_334' title='bbox 1224 1811 1403 1851; x_wconf 85' lang='lat' dir='ltr'>quatuor</span> <span class='ocrx_word' id='word_1_335' title='bbox 1415 1804 1725 1842; x_wconf 81' lang='lat' dir='ltr'>coronatorum</span> <span class='ocrx_word' id='word_1_336' title='bbox 1739 1803 1779 1842; x_wconf 90' lang='lat' dir='ltr'>in</span> <span class='ocrx_word' id='word_1_337' title='bbox 1795 1816 1919 1842; x_wconf 88' lang='lat' dir='ltr'>mon-</span> 
     </span>
     <span class='ocr_line' id='line_1_32' title="bbox 69 1850 1915 1908; baseline 0.003 -16"><span class='ocrx_word' id='word_1_338' title='bbox 69 1864 113 1892; x_wconf 84' lang='lat' dir='ltr'>te</span> <span class='ocrx_word' id='word_1_339' title='bbox 136 1850 278 1892; x_wconf 89' lang='lat' dir='ltr'>Coelio</span> <span class='ocrx_word' id='word_1_340' title='bbox 302 1863 397 1891; x_wconf 89' lang='lat' dir='ltr'>cum</span> <span class='ocrx_word' id='word_1_341' title='bbox 424 1850 596 1904; x_wconf 85' lang='lat' dir='ltr'>reliquis</span> <span class='ocrx_word' id='word_1_342' title='bbox 620 1850 705 1903; x_wconf 84' lang='lat' dir='ltr'>ejus</span> <span class='ocrx_word' id='word_1_343' title='bbox 729 1850 911 1903; x_wconf 78' lang='lat' dir='ltr'>regionis</span> <span class='ocrx_word' id='word_1_344' title='bbox 934 1850 1118 1892; x_wconf 62' lang='lat' dir='ltr'>aedificiis</span> <span class='ocrx_word' id='word_1_345' title='bbox 1139 1852 1306 1895; x_wconf 89' lang='lat' dir='ltr'>diruta:</span> <span class='ocrx_word' id='word_1_346' title='bbox 1341 1854 1654 1908; x_wconf 88' lang='lat' dir='ltr'>multorumque</span> <span class='ocrx_word' id='word_1_347' title='bbox 1670 1856 1915 1898; x_wconf 63' lang='lat' dir='ltr'>Sandiorum</span> 
     </span>
     <span class='ocr_line' id='line_1_33' title="bbox 71 1905 1914 1960; baseline 0.003 -13"><span class='ocrx_word' id='word_1_348' title='bbox 71 1919 253 1960; x_wconf 86' lang='lat' dir='ltr'>corpora</span> <span class='ocrx_word' id='word_1_349' title='bbox 273 1905 343 1946; x_wconf 88' lang='lat' dir='ltr'>sub</span> <span class='ocrx_word' id='word_1_350' title='bbox 370 1905 510 1945; x_wconf 85' lang='lat' dir='ltr'>Altari</span> <span class='ocrx_word' id='word_1_351' title='bbox 536 1906 800 1958; x_wconf 84' lang='lat' dir='ltr'>composuit:</span> <span class='ocrx_word' id='word_1_352' title='bbox 836 1919 922 1960; x_wconf 76' lang='lat' dir='ltr'>quae</span> <span class='ocrx_word' id='word_1_353' title='bbox 946 1907 1518 1959; x_wconf 85' lang='lat' dir='ltr'>paucisanteannisGarzias</span> <span class='ocrx_word' id='word_1_354' title='bbox 1532 1911 1763 1952; x_wconf 76' lang='lat' dir='ltr'>cardinalis</span> <span class='ocrx_word' id='word_1_355' title='bbox 1778 1912 1914 1952; x_wconf 83' lang='lat' dir='ltr'>Milli-</span> 
     </span>
     <span class='ocr_line' id='line_1_34' title="bbox 76 1959 1919 2016; baseline 0.003 -15"><span class='ocrx_word' id='word_1_356' title='bbox 76 1974 149 2002; x_wconf 86' lang='lat' dir='ltr'>nus</span> <span class='ocrx_word' id='word_1_357' title='bbox 176 1992 188 2011; x_wconf 91' lang='lat'>,</span> <span class='ocrx_word' id='word_1_358' title='bbox 232 1959 329 2001; x_wconf 71' lang='lat' dir='ltr'>cum</span> <span class='ocrx_word' id='word_1_359' title='bbox 348 1992 358 2009; x_wconf 93' lang='lat'>,</span> <span class='ocrx_word' id='word_1_360' title='bbox 400 1959 535 2011; x_wconf 83' lang='lat' dir='ltr'>apside</span> <span class='ocrx_word' id='word_1_361' title='bbox 558 1960 708 2006; x_wconf 81' lang='lat' dir='ltr'>muris,</span> <span class='ocrx_word' id='word_1_362' title='bbox 749 1960 999 2015; x_wconf 70' lang='lat' dir='ltr'>pisturisque</span> <span class='ocrx_word' id='word_1_363' title='bbox 1022 1975 1253 2012; x_wconf 81' lang='lat' dir='ltr'>renovata,</span> <span class='ocrx_word' id='word_1_364' title='bbox 1297 1966 1429 2005; x_wconf 85' lang='lat' dir='ltr'>Aram</span> <span class='ocrx_word' id='word_1_365' title='bbox 1454 1966 1779 2016; x_wconf 84' lang='lat' dir='ltr'>pulcherrimam</span> <span class='ocrx_word' id='word_1_366' title='bbox 1807 1967 1919 2007; x_wconf 86' lang='lat' dir='ltr'>loca-</span> 
     </span>
     <span class='ocr_line' id='line_1_35' title="bbox 70 2014 1918 2069; baseline 0.002 -12"><span class='ocrx_word' id='word_1_367' title='bbox 70 2029 134 2057; x_wconf 87' lang='lat' dir='ltr'>ret</span> <span class='ocrx_word' id='word_1_368' title='bbox 150 2047 161 2065; x_wconf 95' lang='lat'>,</span> <span class='ocrx_word' id='word_1_369' title='bbox 194 2016 233 2055; x_wconf 88' lang='lat' dir='ltr'>in</span> <span class='ocrx_word' id='word_1_370' title='bbox 260 2014 411 2056; x_wconf 87' lang='lat' dir='ltr'>eodem</span> <span class='ocrx_word' id='word_1_371' title='bbox 426 2015 522 2055; x_wconf 92' lang='lat' dir='ltr'>loco</span> <span class='ocrx_word' id='word_1_372' title='bbox 538 2015 735 2067; x_wconf 77' lang='lat' dir='ltr'>religiose</span> <span class='ocrx_word' id='word_1_373' title='bbox 753 2017 1005 2069; x_wconf 87' lang='lat' dir='ltr'>composuit.</span> <span class='ocrx_word' id='word_1_374' title='bbox 1044 2017 1366 2059; x_wconf 78' lang='lat' dir='ltr'>Callixtusitem</span> <span class='ocrx_word' id='word_1_375' title='bbox 1387 2018 1454 2060; x_wconf 93' lang='grc' dir='ltr'>ΙΙ.</span> <span class='ocrx_word' id='word_1_376' title='bbox 1484 2021 1690 2061; x_wconf 83' lang='lat' dir='ltr'>multasin</span> <span class='ocrx_word' id='word_1_377' title='bbox 1710 2021 1832 2064; x_wconf 90' lang='lat' dir='ltr'>Urbe</span> <span class='ocrx_word' id='word_1_378' title='bbox 1844 2021 1918 2061; x_wconf 73' lang='lat' dir='ltr'>ffi-</span> 
     </span>
     <span class='ocr_line' id='line_1_36' title="bbox 68 2069 1916 2125; baseline 0.003 -14"><span class='ocrx_word' id='word_1_379' title='bbox 68 2071 141 2111; x_wconf 90' lang='lat' dir='ltr'>des</span> <span class='ocrx_word' id='word_1_380' title='bbox 163 2072 291 2110; x_wconf 87' lang='lat' dir='ltr'>sacras</span> <span class='ocrx_word' id='word_1_381' title='bbox 316 2069 520 2110; x_wconf 87' lang='lat' dir='ltr'>vetustate</span> <span class='ocrx_word' id='word_1_382' title='bbox 544 2070 744 2123; x_wconf 84' lang='lat' dir='ltr'>collapsas</span> <span class='ocrx_word' id='word_1_383' title='bbox 759 2070 936 2111; x_wconf 83' lang='lat' dir='ltr'>restituit</span> <span class='ocrx_word' id='word_1_384' title='bbox 955 2087 963 2112; x_wconf 93' lang='lat'>:</span> <span class='ocrx_word' id='word_1_385' title='bbox 1001 2073 1166 2125; x_wconf 80' lang='lat' dir='ltr'>Aquam</span> <span class='ocrx_word' id='word_1_386' title='bbox 1184 2073 1374 2114; x_wconf 85' lang='lat' dir='ltr'>induxit:</span> <span class='ocrx_word' id='word_1_387' title='bbox 1411 2075 1452 2115; x_wconf 89' lang='lat' dir='ltr'>S.</span> <span class='ocrx_word' id='word_1_388' title='bbox 1483 2076 1521 2115; x_wconf 92' lang='lat' dir='ltr'>N</span> <span class='ocrx_word' id='word_1_389' title='bbox 1541 2077 1555 2116; x_wconf 95' lang='lat'>1</span> <span class='ocrx_word' id='word_1_390' title='bbox 1574 2077 1608 2116; x_wconf 92' lang='lat' dir='ltr'>C</span> <span class='ocrx_word' id='word_1_391' title='bbox 1628 2078 1669 2116; x_wconf 85' lang='lat' dir='ltr'>O</span> <span class='ocrx_word' id='word_1_392' title='bbox 1686 2076 1721 2116; x_wconf 91' lang='lat' dir='ltr'>L</span> <span class='ocrx_word' id='word_1_393' title='bbox 1741 2080 1775 2118; x_wconf 84' lang='lat' dir='ltr'>A</span> <span class='ocrx_word' id='word_1_394' title='bbox 1792 2077 1811 2116; x_wconf 96' lang='lat' dir='ltr'>I</span> <span class='ocrx_word' id='word_1_395' title='bbox 1838 2078 1916 2117; x_wconf 83' lang='lat' dir='ltr'>Ec-</span> 
     </span>
     <span class='ocr_line' id='line_1_37' title="bbox 70 2124 2087 2190; baseline 0.004 -24"><span class='ocrx_word' id='word_1_396' title='bbox 70 2124 234 2166; x_wconf 76' lang='lat' dir='ltr'>clesiam</span> <span class='ocrx_word' id='word_1_397' title='bbox 259 2125 299 2164; x_wconf 91' lang='lat' dir='ltr'>in</span> <span class='ocrx_word' id='word_1_398' title='bbox 328 2125 491 2165; x_wconf 85' lang='lat' dir='ltr'>Palatio</span> <span class='ocrx_word' id='word_1_399' title='bbox 519 2125 757 2167; x_wconf 81' lang='lat' dir='ltr'>aedificavit.</span> <span class='ocrx_word' id='word_1_400' title='bbox 799 2126 1075 2166; x_wconf 86' lang='lat' dir='ltr'>Innocentius</span> <span class='ocrx_word' id='word_1_401' title='bbox 1101 2129 1169 2168; x_wconf 81' lang='grc' dir='ltr'>ΙΙ.</span> <span class='ocrx_word' id='word_1_402' title='bbox 1197 2128 1339 2169; x_wconf 84' lang='lat' dir='ltr'>AEdem</span> <span class='ocrx_word' id='word_1_403' title='bbox 1365 2129 1405 2169; x_wconf 90' lang='lat' dir='ltr'>S.</span> <span class='ocrx_word' id='word_1_404' title='bbox 1436 2131 1471 2170; x_wconf 85' lang='lat' dir='ltr'>A</span> <span class='ocrx_word' id='word_1_405' title='bbox 1493 2132 1532 2170; x_wconf 87' lang='lat' dir='ltr'>N</span> <span class='ocrx_word' id='word_1_406' title='bbox 1553 2133 1588 2170; x_wconf 80' lang='lat' dir='ltr'>A</span> <span class='ocrx_word' id='word_1_407' title='bbox 1607 2132 1683 2172; x_wconf 83' lang='lat' dir='ltr'>ST</span> <span class='ocrx_word' id='word_1_408' title='bbox 1699 2136 1735 2173; x_wconf 83' lang='lat' dir='ltr'><strong>A</strong></span> <span class='ocrx_word' id='word_1_409' title='bbox 1754 2132 1843 2173; x_wconf 90' lang='lat' dir='ltr'>SII</span> <span class='ocrx_word' id='word_1_410' title='bbox 1864 2131 1913 2172; x_wconf 87' lang='lat' dir='ltr'>ad</span> <span class='ocrx_word' id='word_1_411' title='bbox 1930 2153 2087 2190; x_wconf 63' lang='lat' dir='ltr'>Innocentis</span> 
     </span>
     <span class='ocr_line' id='line_1_38' title="bbox 74 2179 2085 2255; baseline 0.004 -36"><span class='ocrx_word' id='word_1_412' title='bbox 74 2185 218 2234; x_wconf 82' lang='lat' dir='ltr'>Aquas</span> <span class='ocrx_word' id='word_1_413' title='bbox 242 2180 402 2220; x_wconf 77' lang='lat' dir='ltr'>Salvias</span> <span class='ocrx_word' id='word_1_414' title='bbox 427 2179 559 2220; x_wconf 87' lang='lat' dir='ltr'>nobili</span> <span class='ocrx_word' id='word_1_415' title='bbox 574 2181 1095 2233; x_wconf 82' lang='lat' dir='ltr'>Coenobioamp11ficavit.</span> <span class='ocrx_word' id='word_1_416' title='bbox 1140 2182 1337 2235; x_wconf 84' lang='lat' dir='ltr'>Apfidern</span> <span class='ocrx_word' id='word_1_417' title='bbox 1354 2184 1393 2225; x_wconf 85' lang='lat' dir='ltr'>S.</span> <span class='ocrx_word' id='word_1_418' title='bbox 1421 2184 1467 2224; x_wconf 83' lang='lat' dir='ltr'>M</span> <span class='ocrx_word' id='word_1_419' title='bbox 1485 2187 1522 2226; x_wconf 84' lang='lat' dir='ltr'><strong>A</strong></span> <span class='ocrx_word' id='word_1_420' title='bbox 1543 2185 1579 2225; x_wconf 88' lang='lat' dir='ltr'>R</span> <span class='ocrx_word' id='word_1_421' title='bbox 1595 2186 1614 2226; x_wconf 91' lang='grc' dir='ltr'>Ι</span> <span class='ocrx_word' id='word_1_422' title='bbox 1632 2187 1682 2226; x_wconf 76' lang='lat' dir='ltr'><strong>AE</strong></span> <span class='ocrx_word' id='word_1_423' title='bbox 1707 2200 1820 2229; x_wconf 83' lang='lat' dir='ltr'>trans</span> <span class='ocrx_word' id='word_1_424' title='bbox 1835 2188 1912 2228; x_wconf 88' lang='lat' dir='ltr'>Ti·</span> <span class='ocrx_word' id='word_1_425' title='bbox 1928 2205 2085 2255; x_wconf 32' lang='lat' dir='ltr'>Jsoopsm·</span> 
     </span>
     <span class='ocr_line' id='line_1_39' title="bbox 70 2234 1912 2288; baseline 0.004 -12"><span class='ocrx_word' id='word_1_426' title='bbox 70 2236 207 2276; x_wconf 88' lang='lat' dir='ltr'>berim</span> <span class='ocrx_word' id='word_1_427' title='bbox 234 2234 390 2275; x_wconf 80' lang='lat' dir='ltr'>musivo</span> <span class='ocrx_word' id='word_1_428' title='bbox 413 2248 567 2288; x_wconf 85' lang='lat' dir='ltr'>opere,</span> <span class='ocrx_word' id='word_1_429' title='bbox 608 2236 718 2288; x_wconf 86' lang='lat' dir='ltr'>quod</span> <span class='ocrx_word' id='word_1_430' title='bbox 744 2236 872 2276; x_wconf 87' lang='lat' dir='ltr'>hodie</span> <span class='ocrx_word' id='word_1_431' title='bbox 895 2249 1009 2277; x_wconf 86' lang='lat' dir='ltr'>extat</span> <span class='ocrx_word' id='word_1_432' title='bbox 1027 2268 1037 2284; x_wconf 93' lang='lat'>,</span> <span class='ocrx_word' id='word_1_433' title='bbox 1078 2236 1302 2280; x_wconf 81' lang='lat' dir='ltr'>crustavit:</span> <span class='ocrx_word' id='word_1_434' title='bbox 1340 2239 1669 2282; x_wconf 83' lang='lat' dir='ltr'>Lateranensem</span> <span class='ocrx_word' id='word_1_435' title='bbox 1696 2242 1912 2284; x_wconf 70' lang='lat' dir='ltr'>Basilicam</span> 
     </span>
     <span class='ocr_line' id='line_1_40' title="bbox 71 2290 1913 2351; baseline 0.004 -20"><span class='ocrx_word' id='word_1_436' title='bbox 71 2304 186 2331; x_wconf 84' lang='lat' dir='ltr'>novo</span> <span class='ocrx_word' id='word_1_437' title='bbox 210 2291 324 2331; x_wconf 70' lang='lat' dir='ltr'>tecto</span> <span class='ocrx_word' id='word_1_438' title='bbox 347 2290 566 2330; x_wconf 86' lang='lat' dir='ltr'>contexit:</span> <span class='ocrx_word' id='word_1_439' title='bbox 601 2290 814 2332; x_wconf 88' lang='lat' dir='ltr'>Palatium</span> <span class='ocrx_word' id='word_1_440' title='bbox 837 2291 1328 2333; x_wconf 67' lang='lat' dir='ltr'>verocubict1lisau&lt;5tum</span> <span class='ocrx_word' id='word_1_441' title='bbox 1344 2294 1502 2345; x_wconf 60' lang='lat' dir='ltr'>picfiura</span> <span class='ocrx_word' id='word_1_442' title='bbox 1515 2297 1737 2338; x_wconf 78' lang='lat' dir='ltr'>coloravit.</span> <span class='ocrx_word' id='word_1_443' title='bbox 1779 2304 1913 2351; x_wconf 78' lang='lat' dir='ltr'>Caput</span> 
     </span>
     <span class='ocr_line' id='line_1_41' title="bbox 73 2343 1912 2405; baseline 0.003 -19"><span class='ocrx_word' id='word_1_444' title='bbox 73 2345 256 2388; x_wconf 77' lang='lat' dir='ltr'>Bafilicae</span> <span class='ocrx_word' id='word_1_445' title='bbox 289 2348 328 2386; x_wconf 75' lang='grc' dir='ltr'>Ξ.</span> <span class='ocrx_word' id='word_1_446' title='bbox 368 2346 397 2386; x_wconf 86' lang='grc' dir='ltr'>Ρ</span> <span class='ocrx_word' id='word_1_447' title='bbox 416 2347 451 2386; x_wconf 78' lang='lat' dir='ltr'><strong>A</strong></span> <span class='ocrx_word' id='word_1_448' title='bbox 473 2345 517 2386; x_wconf 90' lang='lat' dir='ltr'><strong>U</strong></span> <span class='ocrx_word' id='word_1_449' title='bbox 534 2345 603 2386; x_wconf 85' lang='lat' dir='ltr'>LI</span> <span class='ocrx_word' id='word_1_450' title='bbox 633 2343 883 2398; x_wconf 74' lang='lat' dir='ltr'>quassatum,</span> <span class='ocrx_word' id='word_1_451' title='bbox 928 2347 970 2385; x_wconf 58' lang='grc' dir='ltr'>δι’</span> <span class='ocrx_word' id='word_1_452' title='bbox 994 2348 1177 2386; x_wconf 81' lang='lat' dir='ltr'>casurum</span> <span class='ocrx_word' id='word_1_453' title='bbox 1205 2349 1443 2389; x_wconf 79' lang='lat' dir='ltr'>solidiffima</span> <span class='ocrx_word' id='word_1_454' title='bbox 1467 2364 1680 2392; x_wconf 81' lang='lat' dir='ltr'>murorum</span> <span class='ocrx_word' id='word_1_455' title='bbox 1708 2365 1912 2405; x_wconf 78' lang='lat' dir='ltr'>compage</span> 
     </span>
     <span class='ocr_line' id='line_1_42' title="bbox 70 2399 1912 2461; baseline 0.004 -20"><span class='ocrx_word' id='word_1_456' title='bbox 70 2400 278 2446; x_wconf 78' lang='lat' dir='ltr'>sustinuit,</span> <span class='ocrx_word' id='word_1_457' title='bbox 312 2400 424 2454; x_wconf 84' lang='lat' dir='ltr'>quod</span> <span class='ocrx_word' id='word_1_458' title='bbox 446 2399 600 2439; x_wconf 87' lang='lat' dir='ltr'>deinde</span> <span class='ocrx_word' id='word_1_459' title='bbox 625 2402 840 2442; x_wconf 82' lang='lat' dir='ltr'>Honorius</span> <span class='ocrx_word' id='word_1_460' title='bbox 862 2401 964 2442; x_wconf 91' lang='lat' dir='ltr'>III.</span> <span class='ocrx_word' id='word_1_461' title='bbox 994 2403 1315 2443; x_wconf 83' lang='lat' dir='ltr'>vermiculatum</span> <span class='ocrx_word' id='word_1_462' title='bbox 1334 2405 1551 2457; x_wconf 79' lang='lat' dir='ltr'>figuravit:</span> <span class='ocrx_word' id='word_1_463' title='bbox 1587 2420 1711 2461; x_wconf 80' lang='lat' dir='ltr'>atque</span> <span class='ocrx_word' id='word_1_464' title='bbox 1727 2406 1912 2457; x_wconf 66' lang='lat' dir='ltr'>ejusdem</span> 
     </span>
     <span class='ocr_line' id='line_1_43' title="bbox 70 2456 1912 2511; baseline 0.004 -16"><span class='ocrx_word' id='word_1_465' title='bbox 70 2456 251 2498; x_wconf 65' lang='lat' dir='ltr'>Basilicae</span> <span class='ocrx_word' id='word_1_466' title='bbox 265 2456 419 2495; x_wconf 66' lang='lat' dir='ltr'>testum</span> <span class='ocrx_word' id='word_1_467' title='bbox 436 2469 584 2508; x_wconf 84' lang='lat' dir='ltr'>magna</span> <span class='ocrx_word' id='word_1_468' title='bbox 598 2469 644 2496; x_wconf 92' lang='lat' dir='ltr'>ex</span> <span class='ocrx_word' id='word_1_469' title='bbox 660 2469 776 2506; x_wconf 83' lang='lat' dir='ltr'>parte</span> <span class='ocrx_word' id='word_1_470' title='bbox 791 2456 988 2497; x_wconf 87' lang='lat' dir='ltr'>restituit.</span> <span class='ocrx_word' id='word_1_471' title='bbox 1032 2459 1130 2510; x_wconf 77' lang='lat' dir='ltr'>Quo</span> <span class='ocrx_word' id='word_1_472' title='bbox 1144 2469 1337 2511; x_wconf 83' lang='lat' dir='ltr'>tempore</span> <span class='ocrx_word' id='word_1_473' title='bbox 1362 2459 1488 2499; x_wconf 74' lang='lat' dir='ltr'>AEdes</span> <span class='ocrx_word' id='word_1_474' title='bbox 1509 2461 1549 2500; x_wconf 83' lang='lat' dir='ltr'>S.</span> <span class='ocrx_word' id='word_1_475' title='bbox 1577 2461 1613 2500; x_wconf 90' lang='lat' dir='ltr'>L</span> <span class='ocrx_word' id='word_1_476' title='bbox 1631 2466 1666 2502; x_wconf 78' lang='lat' dir='ltr'>A</span> <span class='ocrx_word' id='word_1_477' title='bbox 1690 2465 1729 2505; x_wconf 86' lang='lat' dir='ltr'>U</span> <span class='ocrx_word' id='word_1_478' title='bbox 1746 2462 1785 2501; x_wconf 77' lang='lat' dir='ltr'>R</span> <span class='ocrx_word' id='word_1_479' title='bbox 1802 2462 1836 2503; x_wconf 81' lang='lat' dir='ltr'>E</span> <span class='ocrx_word' id='word_1_480' title='bbox 1851 2465 1912 2505; x_wconf 93' lang='lat' dir='ltr'>N-</span> 
     </span>
     <span class='ocr_line' id='line_1_44' title="bbox 73 2509 2099 2572; baseline 0.003 -20"><span class='ocrx_word' id='word_1_481' title='bbox 73 2511 179 2552; x_wconf 89' lang='lat' dir='ltr'>TII</span> <span class='ocrx_word' id='word_1_482' title='bbox 202 2511 243 2549; x_wconf 89' lang='lat' dir='ltr'>in</span> <span class='ocrx_word' id='word_1_483' title='bbox 279 2509 439 2552; x_wconf 83' lang='lat' dir='ltr'>Lucina</span> <span class='ocrx_word' id='word_1_484' title='bbox 471 2524 720 2557; x_wconf 84' lang='lat' dir='ltr'>renovatur,</span> <span class='ocrx_word' id='word_1_485' title='bbox 764 2514 1108 2567; x_wconf 82' lang='lat' dir='ltr'>consecraturque</span> <span class='ocrx_word' id='word_1_486' title='bbox 1129 2512 1180 2553; x_wconf 83' lang='lat' dir='ltr'>ab</span> <span class='ocrx_word' id='word_1_487' title='bbox 1203 2515 1416 2555; x_wconf 84' lang='lat' dir='ltr'>Anacleto</span> <span class='ocrx_word' id='word_1_488' title='bbox 1444 2515 1735 2569; x_wconf 69' lang='lat' dir='ltr'>Pseudopapa,</span> <span class='ocrx_word' id='word_1_489' title='bbox 1782 2519 1911 2558; x_wconf 80' lang='lat' dir='ltr'>Anno</span> <span class='ocrx_word' id='word_1_490' title='bbox 1927 2538 1976 2571; x_wconf 50' lang='lat' dir='ltr'>De</span> <span class='ocrx_word' id='word_1_491' title='bbox 1989 2549 2024 2571; x_wconf 62' lang='lat' dir='ltr'>m</span> <span class='ocrx_word' id='word_1_492' title='bbox 2036 2537 2099 2572; x_wconf 67' lang='lat' dir='ltr'>Ba-</span> 
     </span>
     <span class='ocr_line' id='line_1_45' title="bbox 73 2565 2105 2625; baseline 0.003 -17"><span class='ocrx_word' id='word_1_493' title='bbox 73 2567 122 2607; x_wconf 90' lang='lat' dir='ltr'>M</span> <span class='ocrx_word' id='word_1_494' title='bbox 138 2569 172 2608; x_wconf 92' lang='lat' dir='ltr'>C</span> <span class='ocrx_word' id='word_1_495' title='bbox 185 2567 228 2607; x_wconf 88' lang='lat' dir='ltr'>X</span> <span class='ocrx_word' id='word_1_496' title='bbox 241 2566 285 2606; x_wconf 92' lang='lat' dir='ltr'>X</span> <span class='ocrx_word' id='word_1_497' title='bbox 297 2567 357 2606; x_wconf 89' lang='lat' dir='ltr'>X.</span> <span class='ocrx_word' id='word_1_498' title='bbox 385 2578 430 2605; x_wconf 89' lang='lat' dir='ltr'>ut</span> <span class='ocrx_word' id='word_1_499' title='bbox 456 2565 596 2606; x_wconf 83' lang='lat' dir='ltr'>tabula</span> <span class='ocrx_word' id='word_1_500' title='bbox 611 2580 846 2608; x_wconf 87' lang='lat' dir='ltr'>marmorea</span> <span class='ocrx_word' id='word_1_501' title='bbox 859 2568 898 2608; x_wconf 91' lang='lat' dir='ltr'>in</span> <span class='ocrx_word' id='word_1_502' title='bbox 914 2567 1029 2608; x_wconf 81' lang='lat' dir='ltr'>aditu</span> <span class='ocrx_word' id='word_1_503' title='bbox 1044 2568 1303 2608; x_wconf 85' lang='lat' dir='ltr'>dextrorsum</span> <span class='ocrx_word' id='word_1_504' title='bbox 1321 2570 1463 2611; x_wconf 75' lang='lat' dir='ltr'>ffidem</span> <span class='ocrx_word' id='word_1_505' title='bbox 1479 2571 1720 2611; x_wconf 85' lang='lat' dir='ltr'>ineuntibus</span> <span class='ocrx_word' id='word_1_506' title='bbox 1733 2572 1910 2615; x_wconf 84' lang='lat' dir='ltr'>iudicat.</span> <span class='ocrx_word' id='word_1_507' title='bbox 1926 2601 1991 2625; x_wconf 75' lang='lat' dir='ltr'>ron.</span> <span class='ocrx_word' id='word_1_508' title='bbox 2006 2588 2105 2623; x_wconf 70' lang='lat' dir='ltr'>eodem</span> 
     </span>
     <span class='ocr_line' id='line_1_46' title="bbox 73 2621 1994 2679; baseline 0.004 -17"><span class='ocrx_word' id='word_1_509' title='bbox 73 2623 239 2663; x_wconf 86' lang='lat' dir='ltr'>Eodem</span> <span class='ocrx_word' id='word_1_510' title='bbox 254 2634 448 2674; x_wconf 82' lang='lat' dir='ltr'>tempore</span> <span class='ocrx_word' id='word_1_511' title='bbox 465 2621 669 2661; x_wconf 82' lang='lat' dir='ltr'>Gerardus</span> <span class='ocrx_word' id='word_1_512' title='bbox 680 2623 913 2663; x_wconf 73' lang='lat' dir='ltr'>cardinalis</span> <span class='ocrx_word' id='word_1_513' title='bbox 926 2623 967 2664; x_wconf 90' lang='lat' dir='ltr'>S.</span> <span class='ocrx_word' id='word_1_514' title='bbox 987 2623 1130 2663; x_wconf 82' lang='lat' dir='ltr'>Crucis</span> <span class='ocrx_word' id='word_1_515' title='bbox 1143 2624 1184 2662; x_wconf 91' lang='lat' dir='ltr'>in</span> <span class='ocrx_word' id='word_1_516' title='bbox 1201 2624 1484 2674; x_wconf 85' lang='lat' dir='ltr'>Hierusalem,</span> <span class='ocrx_word' id='word_1_517' title='bbox 1509 2627 1576 2677; x_wconf 83' lang='lat' dir='ltr'>qui</span> <span class='ocrx_word' id='word_1_518' title='bbox 1594 2628 1732 2679; x_wconf 83' lang='lat' dir='ltr'>postea</span> <span class='ocrx_word' id='word_1_519' title='bbox 1746 2640 1911 2669; x_wconf 85' lang='lat' dir='ltr'>creatus</span> <span class='ocrx_word' id='word_1_520' title='bbox 1925 2653 1994 2675; x_wconf 81' lang='lat' dir='ltr'>ann.</span> 
     </span>
     <span class='ocr_line' id='line_1_47' title="bbox 74 2675 1909 2731; baseline 0.002 -12"><span class='ocrx_word' id='word_1_521' title='bbox 74 2676 278 2719; x_wconf 87' lang='lat' dir='ltr'>Pontifex</span> <span class='ocrx_word' id='word_1_522' title='bbox 295 2676 448 2716; x_wconf 82' lang='lat' dir='ltr'>Lucius</span> <span class='ocrx_word' id='word_1_523' title='bbox 468 2676 537 2717; x_wconf 93' lang='grc' dir='ltr'>ΙΙ.</span> <span class='ocrx_word' id='word_1_524' title='bbox 565 2675 694 2716; x_wconf 58' lang='lat' dir='ltr'>distas</span> <span class='ocrx_word' id='word_1_525' title='bbox 708 2678 762 2717; x_wconf 89' lang='lat' dir='ltr'>est</span> <span class='ocrx_word' id='word_1_526' title='bbox 777 2709 789 2728; x_wconf 93' lang='lat'>,</span> <span class='ocrx_word' id='word_1_527' title='bbox 824 2679 1052 2731; x_wconf 89' lang='lat' dir='ltr'>Templum</span> <span class='ocrx_word' id='word_1_528' title='bbox 1068 2679 1171 2718; x_wconf 87' lang='lat' dir='ltr'>illud</span> <span class='ocrx_word' id='word_1_529' title='bbox 1189 2678 1428 2720; x_wconf 79' lang='lat' dir='ltr'>instauravit</span> <span class='ocrx_word' id='word_1_530' title='bbox 1445 2712 1456 2730; x_wconf 88' lang='lat'>,</span> <span class='ocrx_word' id='word_1_531' title='bbox 1491 2681 1530 2719; x_wconf 62' lang='grc' dir='ltr'>ἃ</span> <span class='ocrx_word' id='word_1_532' title='bbox 1547 2681 1830 2722; x_wconf 86' lang='lat' dir='ltr'>Coeuobium:</span> <span class='ocrx_word' id='word_1_533' title='bbox 1866 2683 1909 2722; x_wconf 90' lang='lat' dir='ltr'>in</span> 
     </span>
     <span class='ocr_line' id='line_1_48' title="bbox 72 2731 1911 2790; baseline 0.004 -18"><span class='ocrx_word' id='word_1_534' title='bbox 72 2745 206 2785; x_wconf 81' lang='lat' dir='ltr'>eoque</span> <span class='ocrx_word' id='word_1_535' title='bbox 233 2731 448 2773; x_wconf 83' lang='lat' dir='ltr'>claustrum</span> <span class='ocrx_word' id='word_1_536' title='bbox 473 2745 568 2772; x_wconf 88' lang='lat' dir='ltr'>cum</span> <span class='ocrx_word' id='word_1_537' title='bbox 591 2732 804 2783; x_wconf 87' lang='lat' dir='ltr'>tabernis,</span> <span class='ocrx_word' id='word_1_538' title='bbox 838 2734 881 2773; x_wconf 85' lang='lat'>&amp;</span> <span class='ocrx_word' id='word_1_539' title='bbox 908 2733 1112 2782; x_wconf 86' lang='lat' dir='ltr'>officinis,</span> <span class='ocrx_word' id='word_1_540' title='bbox 1147 2736 1188 2775; x_wconf 74' lang='grc' dir='ltr'>δε</span> <span class='ocrx_word' id='word_1_541' title='bbox 1212 2737 1521 2775; x_wconf 87' lang='lat' dir='ltr'>Canonicorum</span> <span class='ocrx_word' id='word_1_542' title='bbox 1546 2736 1648 2777; x_wconf 82' lang='lat' dir='ltr'>inibi</span> <span class='ocrx_word' id='word_1_543' title='bbox 1665 2736 1911 2790; x_wconf 82' lang='lat' dir='ltr'>degentium</span> 
     </span>
     <span class='ocr_line' id='line_1_49' title="bbox 70 2785 1912 2846; baseline 0.003 -19"><span class='ocrx_word' id='word_1_544' title='bbox 70 2788 191 2827; x_wconf 86' lang='lat' dir='ltr'>cellis</span> <span class='ocrx_word' id='word_1_545' title='bbox 220 2785 512 2828; x_wconf 70' lang='lat' dir='ltr'>exaedificavit.</span> <span class='ocrx_word' id='word_1_546' title='bbox 566 2787 775 2840; x_wconf 78' lang='lat' dir='ltr'>Eugenius</span> <span class='ocrx_word' id='word_1_547' title='bbox 808 2790 938 2830; x_wconf 86' lang='lat' dir='ltr'>etiam</span> <span class='ocrx_word' id='word_1_548' title='bbox 974 2791 1077 2830; x_wconf 84' lang='lat'><em>111.</em></span> <span class='ocrx_word' id='word_1_549' title='bbox 1105 2789 1260 2830; x_wconf 83' lang='lat' dir='ltr'>dicitur</span> <span class='ocrx_word' id='word_1_550' title='bbox 1281 2791 1458 2831; x_wconf 83' lang='lat' dir='ltr'>vetustas</span> <span class='ocrx_word' id='word_1_551' title='bbox 1481 2791 1659 2833; x_wconf 78' lang='lat' dir='ltr'>fabricas</span> <span class='ocrx_word' id='word_1_552' title='bbox 1682 2791 1883 2846; x_wconf 72' lang='lat' dir='ltr'>reparasse</span> <span class='ocrx_word' id='word_1_553' title='bbox 1900 2824 1912 2842; x_wconf 97' lang='lat'><strong>‚</strong></span> 
     </span>
     <span class='ocr_line' id='line_1_50' title="bbox 72 2838 2065 2898; baseline 0.004 -17"><span class='ocrx_word' id='word_1_554' title='bbox 72 2855 202 2882; x_wconf 89' lang='lat' dir='ltr'>novas</span> <span class='ocrx_word' id='word_1_555' title='bbox 228 2838 435 2882; x_wconf 78' lang='lat' dir='ltr'>excitasse,</span> <span class='ocrx_word' id='word_1_556' title='bbox 482 2841 512 2882; x_wconf 88' lang='lat' dir='ltr'>P</span> <span class='ocrx_word' id='word_1_557' title='bbox 529 2842 570 2882; x_wconf 88' lang='lat' dir='ltr'>O</span> <span class='ocrx_word' id='word_1_558' title='bbox 590 2842 627 2881; x_wconf 80' lang='lat' dir='ltr'>R</span> <span class='ocrx_word' id='word_1_559' title='bbox 644 2842 766 2883; x_wconf 91' lang='lat' dir='ltr'>TIC</span> <span class='ocrx_word' id='word_1_560' title='bbox 784 2843 829 2886; x_wconf 89' lang='lat' dir='ltr'>U</span> <span class='ocrx_word' id='word_1_561' title='bbox 851 2846 894 2884; x_wconf 82' lang='lat' dir='ltr'><strong>M</strong></span> <span class='ocrx_word' id='word_1_562' title='bbox 922 2844 1095 2898; x_wconf 80' lang='lat' dir='ltr'>quidem</span> <span class='ocrx_word' id='word_1_563' title='bbox 1121 2844 1301 2885; x_wconf 79' lang='lat' dir='ltr'>ssafilicae</span> <span class='ocrx_word' id='word_1_564' title='bbox 1320 2845 1553 2887; x_wconf 81' lang='lat' dir='ltr'>Liberianae</span> <span class='ocrx_word' id='word_1_565' title='bbox 1577 2860 1647 2887; x_wconf 86' lang='lat' dir='ltr'>aut</span> <span class='ocrx_word' id='word_1_566' title='bbox 1671 2860 1823 2888; x_wconf 87' lang='lat' dir='ltr'>novam</span> <span class='ocrx_word' id='word_1_567' title='bbox 1848 2862 1913 2889; x_wconf 88' lang='lat' dir='ltr'>ex-</span> <span class='ocrx_word' id='word_1_568' title='bbox 1927 2854 2065 2890; x_wconf 59' lang='lat' dir='ltr'>Porticus</span> 
     </span>
     <span class='ocr_line' id='line_1_51' title="bbox 66 2896 2097 2961; baseline 0.001 -23"><span class='ocrx_word' id='word_1_569' title='bbox 66 2898 216 2943; x_wconf 78' lang='lat' dir='ltr'>truxit,</span> <span class='ocrx_word' id='word_1_570' title='bbox 250 2910 318 2938; x_wconf 82' lang='lat' dir='ltr'>aut</span> <span class='ocrx_word' id='word_1_571' title='bbox 344 2896 560 2950; x_wconf 79' lang='lat' dir='ltr'>splendide</span> <span class='ocrx_word' id='word_1_572' title='bbox 586 2898 794 2951; x_wconf 86' lang='lat' dir='ltr'>restituit,</span> <span class='ocrx_word' id='word_1_573' title='bbox 828 2902 871 2943; x_wconf 67' lang='grc' dir='ltr'>δε</span> <span class='ocrx_word' id='word_1_574' title='bbox 899 2901 950 2941; x_wconf 86' lang='lat' dir='ltr'>ad</span> <span class='ocrx_word' id='word_1_575' title='bbox 977 2900 1099 2941; x_wconf 85' lang='lat' dir='ltr'>initia</span> <span class='ocrx_word' id='word_1_576' title='bbox 1126 2900 1533 2956; x_wconf 84' lang='lat' dir='ltr'>Templireferenda</span> <span class='ocrx_word' id='word_1_577' title='bbox 1551 2901 1911 2944; x_wconf 45' lang='lat' dir='ltr'>teffertxlismultiae</span> <span class='ocrx_word' id='word_1_578' title='bbox 1931 2907 1964 2941; x_wconf 83' lang='lat' dir='ltr'>S.</span> <span class='ocrx_word' id='word_1_579' title='bbox 1980 2906 2097 2961; x_wconf 54' lang='lat' dir='ltr'>Maria</span> 
     </span>
    </p>

    <p class='ocr_par' dir='ltr' id='par_1_5' title="bbox 928 2955 2086 3006">
     <span class='ocr_line' id='line_1_52' title="bbox 928 2955 2086 3006; baseline 0.003 -10"><span class='ocrx_word' id='word_1_580' title='bbox 928 2955 967 2996; x_wconf 83' lang='lat' dir='ltr'>R</span> <span class='ocrx_word' id='word_1_581' title='bbox 989 2968 1007 2994; x_wconf 88' lang='lat' dir='ltr'>r</span> <span class='ocrx_word' id='word_1_582' title='bbox 1040 2967 1063 2995; x_wconf 86' lang='lat'>2</span> <span class='ocrx_word' id='word_1_583' title='bbox 1750 2959 1913 2999; x_wconf 84' lang='lat' dir='ltr'>colores</span> <span class='ocrx_word' id='word_1_584' title='bbox 1933 2959 2086 3006; x_wconf 69' lang='lat' dir='ltr'>Masons.</span> 
     </span>
    </p>
   </div>
  </div>
 </body>
</html>
