2251 3283
517 103 844 153 LIBER
914 102 1431 169 QUARTUS,
1807 126 1897 180 337

57 185 212 227 ditatus
233 182 413 234 decora,
445 184 497 226 ad
523 185 758 239 proximum
783 198 881 226 tunc
904 186 1101 226 solemnis
1118 185 1282 238 Jubilaei
1306 198 1459 227 annum
1483 187 1584 229 MD
1603 188 1638 229 C
1654 189 1705 232 L,
1730 194 1895 246 magni-

56 240 343 288 ficentiffima,
372 253 420 280 ac
442 238 763 291 splendidiffima
783 240 927 280 moliri
951 253 1078 292 opera
1102 239 1331 282 constituit.
1375 240 1422 280 In
1447 241 1606 282 duobus
1628 246 1820 299 utrinque
1835 250 1893 289 sa-

54 295 176 335 cellis
198 294 250 334 ad
275 293 449 346 Templi
470 292 618 333 limina
634 322 646 342 ,
676 293 894 334 maculosis
916 293 1148 347 lapidibus,
1188 293 1431 347 musivisque
1453 295 1626 347 pisturis
1639 300 1891 354 crustaripa-

55 350 206 396 rietes,
240 348 485 401 lacunasque
508 346 718 387 fornicum
736 378 749 396 ,
779 347 958 400 plasticis
983 348 1166 388 modulis
1189 360 1291 388 auro
1316 347 1886 400 fulgentibusloricariman-

53 403 185 444 davit.
237 401 330 444 Pila
359 413 526 454 quoque
559 401 618 441 ibi
657 401 766 442 Navi
798 402 988 442 maximae
1019 402 1224 454 supposita
1271 402 1339 451 (in
1364 402 1510 456 quibus
1530 417 1700 445 arcuato
1722 406 1888 461 fastigio

51 457 207 496 odeum
230 469 278 495 ac
293 455 456 496 Sacella
477 456 562 507 ipsa
585 456 852 508 aperiuntur)
888 469 1145 495 marmorum
1160 457 1410 509 segmentis,
1440 457 1694 510 interpositis
1708 459 1886 502 Pontifi-

52 524 145 551 cum
168 509 351 550 vultibus
374 539 386 559 ,
425 510 640 564 geniisque
664 522 889 563 puerorum
911 510 952 550 in
978 509 1158 563 effigiem
1174 541 1187 559 ,
1229 510 1345 550 vario
1369 510 1625 553 emblemate
1647 513 1884 558 decoravit.

51 564 412 612 Intercolumnia,
443 565 485 604 in
507 577 680 616 utraque
695 564 972 616 Templiala,
1003 565 1091 617 pari
1115 563 1255 617 operis
1270 566 1415 615 precio
1427 565 1606 613 ditavit3
1639 567 1888 623 sublatisque

50 619 221 660 rudibus
245 618 268 658 ὲ
283 618 514 658 Tiburtino
537 620 633 658 saxo
652 618 862 658 columnis
877 649 891 668 ,
923 631 1050 659 novas
1062 621 1279 670 variegato
1294 632 1502 659 marmore
1515 620 1677 661 induxit
1693 621 1884 666 illustres.

50 673 345 715 Pavimentum
367 671 533 725 insuper
546 673 665 713 vario
679 672 819 724 lapide
834 672 973 712 stravit
989 689 1000 718 3
1032 686 1153 724 atque
1166 674 1208 712 in
1222 672 1310 712 dies
1323 704 1335 721 ‚
1368 673 1528 725 pietate
1539 689 1585 715 ac
1599 675 1889 719 munificentia

50 724 370 781 praedecessores
384 727 597 766 aemulatus
609 754 623 772 ,
657 727 786 766 Aram
801 725 939 766 Leoni
956 728 990 767 Ι.
1007 727 1254 767 sanstiffimo
1269 726 1467 767 Pontifici
1480 728 1663 769 dicatam
1676 752 1689 771 ³
1720 731 1762 769 δε
1778 745 1888 773 mar-

51 794 199 822 morea
219 780 385 828 tabula,
424 780 535 820 miro
558 779 790 821 Alexandri
816 780 1013 832 Algardii
1036 780 1242 826 artificio,
1276 781 1491 822 elaborata
1514 783 1713 836 perfecit.
1765 787 1814 826 In
1838 801 1888 828 ea,

49 848 141 877 tum
158 834 307 876 Attilae
333 835 642 875 retrocedentis
663 835 783 887 fuga,
822 835 1045 887 eidemque
1068 835 1324 875 maledicens
1349 836 1553 877 Pontifex
1576 837 1670 878 Leo
1691 840 1886 890 exprimi-

48 902 142 936 tur3
173 901 260 929 tum
286 889 411 929 etiam
437 888 458 930 ἐ
480 890 597 930 coelo
624 890 826 941 desuper,
868 890 1018 942 gladiis
1039 889 1081 929 in
1107 890 1240 940 ipsum
1267 889 1415 930 Petrus
1436 905 1484 931 ac
1499 891 1648 932 Paulus
1669 893 1885 934 inruentes

46 956 266 997 apparent.
321 943 577 985 Universum
601 946 704 986 vero
725 942 913 984 additam
934 944 986 984 ab
1009 943 1267 984 Innocentio
1288 943 1524 986 structuram
1548 978 1561 995 ,
1602 946 1741 987 media
1765 949 1886 1000 super

45 998 273 1039 maximam
296 998 512 1038 interioris
534 998 715 1039 Bafilicae
736 997 902 1050 januam
926 998 1098 1038 testatur
1120 998 1370 1052 Inscripti03
1403 999 1515 1041 inter
1539 1014 1633 1052 eas,
1663 1014 1762 1056 quas
1776 1002 1884 1044 Pau·

44 1053 108 1094 lus
126 1054 179 1095 V.
206 1052 247 1092 &
270 1051 471 1095 Urbanus
495 1053 656 1095 V111.
686 1053 733 1093 P.
759 1052 806 1094 P.
832 1052 895 1092 M.
921 1052 986 1094 M.
1011 1053 1250 1105 posuerant.

489 1182 539 1242 B
603 1181 664 1241 A
726 1180 762 1240 S
826 1181 851 1241 1
914 1178 967 1240 L
1030 1181 1054 1241 1
1121 1184 1178 1243 C
1241 1179 1298 1244 A
1357 1182 1432 1243 M

405 1287 835 1336 PRINCIPIS
888 1287 1525 1339 APOSTOLORVM

291 1385 377 1433 IN
411 1384 639 1432 HANG
684 1384 938 1435 Moms
982 1386 1638 1436 AMPLITVDINEM

129 1480 1235 1532 MVLTIPL.1C1ROMANORVM
1267 1484 1798 1536 PONTIFICVM

307 1556 1013 1629 'AEDIFICATIONE
1046 1583 1571 1632 PERDVCTAM

125 1701 932 1767 INNOCENTIVS
996 1707 1073 1767 X.
1137 1709 1468 1772 PONT.
1532 1710 1791 1774 MAX.

386 1813 624 1864 Novo
658 1814 1216 1867 CAELATVRAE
1249 1820 1526 1869 OPERE

557 1911 935 1960 ORNATIS
967 1914 1358 1964 SACELms

99 2004 651 2054 tNTERIECTis
694 2007 781 2054 {N
828 2008 1234 2073 VTRAQVE
1276 2011 1596 2060 TEMPLI
1641 2011 1803 2061 ALA

428 2103 995 2153 MARMOREIS
1038 2104 1476 2155 COLVMNIS

382 2199 752 2250 STRATO
797 2202 839 2248 E
882 2201 1176 2251 vitulo
1221 2201 1524 2253 LAPIDE

701 2298 1200 2347 PAVIMENTO

278 2389 1016 2440 MAGNiFICENTlvs
1061 2389 1621 2440 TERMINAVIT.

84 2526 254 2569 Eodem
284 2539 481 2581 tempore
504 2524 666 2567 Leonis
685 2528 729 2569 X
745 2528 779 2568 I.
809 2525 938 2568 Pont.
966 2526 1082 2569 Max,
1109 2540 1431 2568 monumentum
1455 2527 1670 2581 sculpturis
1692 2526 1876 2581 insigne,

27 2597 160 2637 prope
179 2582 350 2623 Odeum
365 2609 377 2628 ‚
410 2582 456 2621 in
470 2582 685 2622 Vaticano
711 2580 944 2636 perfec‘tum
968 2582 1022 2622 est
1037 2613 1048 2631 ,
1081 2582 1308 2623 constituta
1324 2582 1543 2623 Pontificis
1567 2582 1696 2623 statua
1718 2582 1876 2622 duobus

26 2639 242 2691 utrimque
274 2636 497 2677 simulacris
520 2667 532 2684 ‚
581 2634 840 2677 fortitudine
863 2667 875 2686 ‚
925 2649 972 2676 ac
1003 2637 1294 2677 munificentia
1329 2637 1612 2678 existentibus.
1674 2637 1806 2680 Unde
1829 2637 1875 2676 in

31 2692 299 2733 Avunculum
328 2691 465 2744 pietas
494 2691 722 2744 plurimum
750 2690 1052 2732 commendata
1083 2692 1137 2732 est
1162 2691 1346 2733 Roberti
1372 2692 1612 2733 Cardinalis
1633 2691 1874 2741 Ubaldini,

25 2747 96 2798 qui
118 2760 223 2797 opus
247 2777 258 2795 ‚
301 2745 503 2800 supremis
526 2745 708 2796 tabulis,
748 2744 1065 2787 conficiendum
1088 2746 1391 2789 mandaverat:
1434 2747 1478 2788 hi
1500 2753 1601 2790 vero
1624 2760 1794 2790 notatur
1814 2746 1878 2786 in-

23 2800 203 2856 scriptus
216 2801 348 2854 lapis:

922 2879 968 2928 V
988 2894 1017 2929 v
1619 2879 1680 2927 D.
1708 2880 1772 2932 Ο.
1804 2881 1871 2931 Μ.
