2251 3283
517 104 846 154 LIBER
919 106 1441 171 QUARTUS.
1824 127 1909 180 335

59 202 176 232 more
197 188 398 229 insertum
426 186 599 227 stemma
623 183 899 225 Barberinum
925 185 1003 234 est,
1034 186 1152 239 super
1176 186 1346 239 sculptis
1371 186 1612 228 Pontificiis
1626 188 1902 234 diadematis,

61 247 104 285 δε
131 242 331 284 clavibus.
379 241 577 295 Capitula
599 239 891 280 columnarum
921 240 1071 282 lonico
1088 272 1099 290 ,
1132 242 1175 281 &
1193 240 1427 282 Corinthio
1450 256 1602 295 genere
1616 245 1903 299 compositain
1919 267 1966 301 Ca
1988 264 2113 303 indam

65 299 185 340 olivae
212 297 316 338 folia
340 298 377 337 se
391 296 597 344 induunt,
631 294 781 346 dispari
799 295 1026 336 altitudine
1043 295 1064 336 ἐ
1079 295 1212 337 fundo
1227 296 1514 336 subnascentia
1533 327 1544 345 ‚
1577 299 1817 352 resupinato
1832 313 1904 352 per
1918 276 2065 352 Ioniicoex

58 353 266 394 ambitum
293 351 464 392 verticis
487 349 604 390 labro
619 380 632 398 ‚
668 348 689 389 e
709 348 856 401 quibus
878 363 1146 404 erumpentes
1157 351 1354 391 cauliculi
1370 351 1756 392 circumflec'tuntur
1771 367 1905 394 extre·
1921 366 2078 403 Corinthio

62 409 210 448 mosin
228 406 434 447 flosculos.
479 405 610 457 Super
624 403 699 444 lios
713 403 911 444 echinum
926 406 1110 457 speClare
1124 407 1175 446 est
1189 407 1391 459 scalprum
1408 406 1525 455 ovis,
1560 407 1600 446 δέ
1621 407 1813 457 spiculis:
1847 408 2119 467 algena-ecem-

62 464 303 514 tioremque
320 459 493 501 abacum
509 459 652 499 medio
665 471 907 499 comantem
923 459 1023 500 flore
1060 461 1158 510 (etfi
1171 461 1324 501 alicubi
1342 474 1417 514 pro
1433 461 1532 501 flore
1549 461 1619 502 Sol
1636 461 1716 508 est)
1754 463 2023 518 intror-posita.

63 519 125 558 sus
139 516 338 558 sinuatum
355 547 364 565 ,
399 517 439 555 δε
459 516 574 568 supra
590 514 757 555 volutas
769 516 1026 568 angulosum.
1062 516 1613 569 Haeporrointerechinum
1629 543 1641 562 ,
1677 517 1716 555 δέ
1732 517 1905 558 abacum
1922 538 2000 570 Cum
2019 537 2067 570 e„-
2092 537 2119 570 ἰ,

63 585 327 623 emergentes
342 602 354 621 ,
386 571 425 610 in
444 569 603 623 angulis
618 569 817 609 foliorum
833 571 1118 611 tenuslatiore
1133 572 1293 611 circulo
1308 573 1345 611 se
1359 571 1617 611 demittunt:
1655 572 1905 612 tumarctio-
1925 585 1964 621 250
1977 586 2109 636 Zopho„

63 640 128 667 res
153 627 193 666 in
217 627 359 667 Orbes
383 625 597 666 circinatae
624 624 665 663 in
691 624 877 665 medium
904 627 1074 667 tandem
1098 626 1242 666 florem
1260 657 1270 674 ,
1304 625 1476 666 floreum
1493 625 1600 680 quasi
1617 626 1785 667 oculum
1808 626 1906 666 desi-
1923 650 1979 682 ro,
2008 640 2119 674 &co-

65 694 182 721 nunt.
237 681 448 733 Capitulis
469 679 679 720 incumbit
704 679 944 730 Epistilinm
960 711 971 730 ,
1014 681 1223 734 ternisque
1247 680 1385 722 fasciis
1407 682 1669 722 intermiscet
1692 681 2006 734 astragalosrona.

64 736 206 777 baccis
220 767 231 784 ,
264 735 306 774 &
324 734 818 775 verticillisintersectos.
864 736 961 776 Hoc
976 736 1161 790 sequitur
1176 736 1403 789 Zophorus
1419 737 1584 777 radioso
1599 750 1767 776 noratus
1781 737 1903 777 Sole:
1922 754 2084 788 Smmaeae-

61 804 187 844 quem
214 791 386 831 Corona
410 788 583 842 superne
606 789 820 842 projeeta,
853 789 1044 830 deorsum
1068 804 1211 831 autem
1235 791 1414 832 oviculis
1428 792 1734 843 denticulisque
1747 792 1907 831 caelata.
1923 801 2081 853 neafliam

64 846 195 899 Super
218 846 437 886 Coronam
453 876 464 893 ,
498 858 584 899 quae
607 844 943 898 quadripartita,
978 859 1053 885 nec
1076 847 1185 886 ultra
1201 878 1211 895 ‚
1245 845 1369 899 quam
1387 860 1461 900 pro
1474 848 1764 887 columnarum
1780 838 2072 891 crassi-corentini.

63 899 494 953 tudineproducitur,
527 898 1411 954 statutaquatuorcoelitumjuvenilispecie
1427 901 1637 941 simulacra
1653 902 1768 941 sunt:
1809 913 1912 953 quos

65 955 249 996 coelestis
271 953 440 1008 quidem
464 955 598 994 sensus
622 954 672 993 ad
690 953 922 994 custodiam
939 955 1196 1008 religionum
1212 957 1434 997 accendit:
1470 956 1739 1009 manibusque
1755 957 1913 996 laureas

65 1011 253 1050 retinent
276 1009 449 1050 frondes
470 1008 939 1062 prolixaimplicatione
955 1022 1240 1065 contextuque
1256 1024 1467 1063 tamquam
1481 1012 1522 1051 in
1540 1012 1728 1063 encarpis
1740 1012 1913 1051 advolu-

68 1078 157 1106 tas,
190 1077 386 1118 retroque
412 1064 676 1118 pertinentes
698 1063 749 1104 ad
771 1064 1008 1117 proximam
1025 1067 1190 1106 trabem
1207 1098 1217 1114 ,
1252 1066 1628 1120 &quodammodo
1644 1067 1911 1119 colligantes,

68 1120 231 1162 Trabes
258 1134 376 1160 aeneae
398 1132 576 1173 quatuor
601 1119 785 1159 totidem
809 1120 947 1159 modis
967 1121 1128 1172 angulis
1149 1121 1311 1162 insertae
1327 1154 1339 1171 ,
1372 1121 1423 1161 ab
1447 1122 1497 1162 iis
1521 1122 1702 1161 obversae
1727 1121 1909 1161 invicem
1928 1123 2094 1161 Trnzbcsae-

64 1176 296 1224 tolluntur,
338 1175 612 1227 anfractuque
637 1173 852 1215 flexuosce:
887 1187 975 1214 tum
1004 1177 1206 1226 paulatim
1231 1185 1460 1225 coeunteS,
1493 1176 1737 1230 supertensis
1764 1176 2023 1228 palmisnem

64 1230 290 1276 inauratis,
326 1243 400 1270 nec
415 1228 585 1269 modice
600 1229 825 1282 resupinis,
859 1228 1079 1269 ne&untur
1092 1231 1133 1270 in
1148 1231 1333 1272 medium
1350 1232 1615 1284 supercilium
1630 1262 1643 1279 ‚
1678 1231 1698 1271 ἐ
1711 1244 1793 1284 quo
1808 1230 1911 1272 emi-
1927 1225 2058 1262 niulfum

65 1299 166 1326 nens
190 1285 338 1337 globus
363 1285 614 1339 superstante
640 1286 775 1325 Cruce
798 1284 1012 1326 inauratus
1035 1284 1218 1339 effulget.
1265 1288 1345 1329 Sub
1370 1287 1554 1327 trabibus
1578 1290 1750 1338 expansa
1775 1299 1912 1326 exaere
1925 1288 2041 1315 cocunt.

64 1341 250 1381 umbella
267 1372 277 1389 ‚
311 1343 355 1382 δε
383 1354 458 1380 aere
474 1339 703 1380 imminens
717 1368 730 1386 ‚
763 1340 1098 1394 continuatoque
1113 1342 1302 1394 margine
1317 1374 1329 1393 ,
1362 1344 1523 1383 summo
1541 1355 1706 1382 coronae
1723 1342 1914 1394 cymatio
1932 1343 2069 1381 Umbella

66 1396 291 1445 conjunSta
310 1426 320 1443 ‚
355 1408 451 1435 toto
472 1395 804 1435 intercolumnas
830 1395 960 1435 Coelo
984 1396 1274 1443 subtenditur3
1306 1412 1376 1438 aut
1402 1398 1486 1450 ipsa
1504 1397 1677 1438 Coelum
1693 1396 1771 1442 est3
1802 1394 2092 1450 quodfizbtrahi-

69 1452 224 1491 divinae
241 1450 461 1490 Columbae
474 1481 485 1498 ,
522 1463 670 1490 aurato
694 1449 907 1489 radiorum
925 1450 1085 1490 circulo
1099 1452 1358 1493 subvolantis
1371 1464 1543 1493 exornat
1558 1451 1716 1492 candor
1731 1483 1742 1501 ,
1777 1452 1819 1490 85
1837 1450 1914 1491 ful·
1931 1446 2000 1484 buf-

66 1520 142 1560 gor
155 1505 350 1546 illustrat.
387 1505 600 1545 Exrremis
614 1505 804 1544 umbellae
819 1504 905 1545 oris
919 1505 1036 1545 velut
1048 1505 1255 1546 affuuntur
1273 1521 1392 1548 aeneae
1407 1538 1419 1556 ,
1442 1507 1484 1547 in
1502 1506 1696 1547 flexuram
1712 1507 1887 1547 concisae
1902 1537 1914 1555 ‚

70 1574 254 1614 auroque
282 1559 500 1600 fimbriatae
517 1559 678 1599 laciniae
694 1590 704 1606 ,
737 1559 1362 1613 floccoinauratodependulo:
1396 1575 1494 1616 quas
1510 1562 1562 1602 ad
1578 1562 1918 1602 Coronaealtitu-

71 1617 213 1656 dinem
249 1614 626 1655 intercolumnium
660 1613 889 1666 implentes
915 1616 1170 1668 Superorum
1196 1617 1362 1669 aligerae
1387 1617 1517 1659 facies
1542 1648 1554 1666 ‚
1609 1619 1650 1657 δε
1678 1616 1916 1658 Barberinae

72 1675 187 1724 Apes
211 1672 376 1711 alterno
400 1682 501 1710 auro
526 1667 794 1722 distinguunt.
839 1670 900 1710 At
924 1671 1111 1710 medium
1135 1672 1328 1714 umbellae
1352 1673 1586 1725 marginem
1603 1671 1919 1712 tenueruntmi-

70 1739 193 1767 nores
213 1727 295 1766 duo
313 1725 524 1766 Coelites:
572 1727 762 1778 Quorum
787 1724 893 1765 alter
916 1725 1091 1775 insidet,
1132 1728 1241 1767 alter
1260 1729 1525 1782 supervolat,
1568 1739 1744 1781 uterque
1763 1726 1915 1781 puerili

72 1779 211 1823 forma
224 1813 234 1830 ,
268 1780 309 1820 &
325 1780 486 1820 habitu.
529 1780 583 1820 Et
598 1779 803 1820 anteriori
816 1778 988 1834 quidem
1003 1780 1145 1822 fronte
1161 1781 1228 1823 hic
1244 1783 1468 1824 Pontificia
1481 1784 1653 1824 Corona
1670 1814 1680 1831 ‚
1712 1783 1785 1823 ille
1800 1781 1917 1823 Coeli

74 1849 363 1890 terrarumque
378 1834 564 1876 clavibus
576 1848 791 1876 oneratur.
837 1834 993 1877 Iisdem
1007 1836 1228 1889 insignibus
1241 1838 1422 1891 gaudent
1436 1838 1477 1878 in
1492 1839 1632 1879 aversa
1646 1838 1920 1878 extremitate

70 1892 334 1946 posteriores.
379 1891 462 1945 Qui
489 1891 623 1932 latera
649 1904 845 1942 tuentur,
879 1890 978 1932 hinc
1001 1904 1126 1946 atque
1146 1893 1247 1934 hinc
1269 1895 1482 1936 minantes
1505 1893 1721 1946 impietati
1737 1892 1919 1934 Paulino

73 1946 215 2001 gladio
230 1947 466 1987 coruscant.

136 2003 239 2045 Haec
270 2001 322 2042 est
348 2014 452 2042 aerea
478 2000 646 2043 Urbani
670 2001 803 2042 moles
822 2029 836 2048 ,
879 2000 1004 2055 digna
1029 2033 1041 2052 ‚
1083 2016 1170 2056 quae
1193 2003 1244 2044 ad
1271 2004 1430 2045 cultum
1456 2002 1648 2045 Eccleliae
1673 2002 1921 2057 Principum

75 2058 119 2098 in
153 2057 322 2111 augusto
350 2056 540 2110 Templo
575 2069 720 2097 teneat
745 2056 1045 2111 principatum.
1103 2058 1165 2099 Ex
1186 2072 1306 2100 tanta
1332 2059 1444 2099 enim
1469 2059 1611 2112 operis
1632 2059 1924 2112 magnitudine
1940 2069 2088 2118 Empe-re

79 2127 162 2154 non
193 2112 325 2152 modo
359 2110 739 2153 admirabilitatem
773 2113 909 2166 coepit
940 2111 1123 2153 auetoris
1144 2114 1345 2163 potestas;
1388 2114 1455 2154 sed
1477 2113 1712 2155 sanatorum
1737 2114 2137 2169 cinerumazcgeturSe-

77 2167 303 2209 veneratio
327 2167 667 2217 incrementum,
699 2167 785 2209 loci
800 2167 1035 2209 sublimitas
1049 2169 1326 2220 majestatem.
1371 2170 1538 2224 Quippe
1552 2169 1797 2210 obversatur
1811 2182 1922 2210 men-
1938 2169 2138 2220 pulchrives

80 2223 193 2265 tibus
224 2235 369 2263 eorum
394 2223 437 2263 in
463 2223 596 2264 Coelo
622 2222 735 2263 sedes
755 2223 1052 2277 triumphalis,
1091 2237 1268 2278 quorum
1292 2225 1539 2278 sepulchrali
1565 2223 1787 2276 splendore
1812 2224 1922 2265 oculi
1940 2223 2064 2258 nermo.

81 2278 426 2333 perstringuntur.
471 2277 597 2332 Quod
623 2278 648 2318 fi
675 2278 850 2331 figurata
873 2278 961 2319 aeris
983 2278 1404 2321 firmitasauroillusa
1419 2293 1581 2321 tantam
1597 2279 1927 2322 admirationem

83 2346 230 2374 movet
253 2332 540 2378 intuentibus3
571 2345 729 2386 quanto
753 2333 916 2385 stupore
938 2332 1152 2376 devinciet
1167 2336 1458 2377 Fundatorum
1478 2335 1717 2389 Religionis
1730 2348 1929 2376 exornata

85 2389 268 2442 dignitas
282 2419 293 2436 ,
328 2388 371 2427 δε
386 2388 577 2429 ornantis
591 2387 774 2441 religio?
809 2391 902 2443 Qua
916 2388 1085 2429 demum
1100 2404 1317 2440 permotus
1334 2390 1531 2432 Urbanus
1544 2404 1694 2431 novam
1713 2390 1928 2431 Basilicam

84 2442 370 2485 Ecclesiastico
393 2443 474 2483 ritu
499 2444 786 2494 consecravit,
821 2445 890 2484 die
915 2446 959 2485 X
976 2444 1125 2486 VIII.
1153 2446 1439 2488 Novembris:
1474 2459 1558 2501 quo
1581 2445 1648 2485 die
1661 2446 1764 2486 olim
1781 2446 1822 2487 S.
1839 2446 1928 2498 Syi-

81 2499 213 2539 vester
227 2498 427 2540 Pontifex
451 2511 641 2539 veterem
666 2500 1001 2543 consecraverat.
1046 2501 1182 2544 Porro
1205 2502 1292 2544 haec
1307 2502 1450 2544 omnia
1467 2501 1637 2544 testatur
1651 2503 1767 2557 super
1783 2501 1896 2543 fores
1912 2528 1927 2546 >

85 2568 127 2595 ut
142 2555 273 2595 altera
288 2553 407 2596 Pauli
427 2555 483 2598 V.
495 2555 652 2609 sculpta
666 2555 886 2609 inscriptio
903 2571 913 2598 ε

1688 2934 1935 2985 URssA-
