2355 3335
579 120 906 170 LtssuR
975 119 1390 169 PRIMUS.
1831 135 1890 185 57

53 211 356 256 limentanam,
386 219 437 247 an
460 216 558 246 ante
579 205 699 246 illam
722 236 736 255 ‚
776 216 821 245 ut
844 203 1081 257 posuimus,
1123 203 1315 257 ponenda
1338 202 1398 243 sit.
1457 200 1583 254 Quod
1605 202 1677 244 alii
1702 203 1889 244 videant.

108 265 233 306 Porta
250 261 404 302 Latina
427 260 479 300 est
495 259 684 312 proxima
697 285 710 305 ,
743 258 841 298 inde
856 272 1010 299 nomen
1025 259 1198 303 sortita,
1230 257 1341 310 quod
1356 256 1495 296 mittit
1519 258 1560 296 in
1579 257 1766 299 Latium.
1809 258 1892 300 Ea·
1907 268 2006 303 Porta
2018 268 2084 307 La.

53 318 149 360 dem
164 315 391 359 Ferentina
405 314 484 359 est3
517 313 792 354 Ferentinum
808 312 921 352 enim
938 312 1091 352 Latina
1104 313 1146 352 in
1161 313 1228 352 via
1240 324 1330 351 erat
1342 338 1354 357 ‚
1389 323 1432 350 ut
1445 311 1571 351 docet
1586 313 1751 353 Strabo.
1907 321 1984 354 tina,

109 371 252 412 Multo
274 368 460 409 nobilior
483 368 536 407 est
557 381 604 408 ea
620 398 631 416 ,
661 380 751 420 quae
765 367 925 407 nuncS.
942 366 1168 407 Sebastiani
1183 397 1197 415 ,
1226 366 1330 406 olim
1348 366 1546 414 Capena3
1578 366 1692 417 cujus
1707 367 1891 408 nominis

52 426 168 467 varia
180 425 312 465 fertur
325 422 548 463 derivatio.
591 423 679 462 Aut
693 420 806 460 enim
823 419 844 460 a
860 421 1317 474 Capenatibuspopulis
1331 419 1524 461 Latinis:
1548 433 1618 460 aut
1635 419 1656 460 a
1674 422 1892 472 Capenate

54 479 234 522 Fluvio:
267 488 336 517 aut
350 476 372 516 a
388 478 558 529 Capena
573 475 696 516 Urbe
711 488 843 526 prope
860 475 1014 514 Albam
1029 474 1080 514 ab
1098 475 1208 515 Italo
1226 475 1344 526 Rege
1357 474 1556 514 condita:
1589 487 1660 514 aut
1677 474 1698 514 ὲ
1717 476 1893 517 Camoe-

54 535 140 582 nis,
172 545 341 585 quarum
357 542 471 570 extra
485 542 649 582 portam
666 560 678 577 ‚
712 529 883 568 &lucus
897 560 906 576 ‚
944 531 986 569 δε
1003 530 1107 568 aedes
1121 528 1201 568 fuit
1216 559 1226 576 ‚
1260 541 1421 568 mutata
1435 527 1578 568 littera
1599 529 1769 581 Capena
1781 529 1894 572 dicta

53 588 122 628 est.
168 587 280 628 Hinc
294 583 545 624 tendebatur
561 585 702 635 Appia
716 582 796 622 via.
843 582 1083 634 Longarum
1103 613 1113 629 ‚
1145 595 1190 622 ut
1201 583 1260 622 ait
1276 583 1436 622 Statius
1451 612 1460 629 ,
1497 582 1663 634 Regina
1678 583 1854 625 viarum.

110 639 319 694 Quoniam
341 650 483 679 autem
499 637 694 678 Afinariae
720 648 850 687 portae
868 637 1062 676 meminit
1080 636 1307 689 Procopius
1321 666 1332 684 ,
1363 635 1571 685 scribens,
1606 637 1755 678 Totila
1771 637 1894 691 Rege

51 695 126 736 illa
148 693 316 735 Gothos
328 693 369 733 in
387 691 552 733 Urbem
565 689 679 730 fuisse
695 688 914 741 ingressos3
946 704 1131 744 quaenam
1147 691 1232 731 haec
1248 691 1375 730 fuerit
1389 691 1630 741 ambigitur.
1675 691 1890 733 Festusita

50 749 193 790 scribit
211 763 220 789 :
257 749 280 786 S
285 747 444 799 tgnificat
457 758 591 799 aquam
610 759 644 784 eo
664 748 821 790 nomine,
854 758 929 797 (μα’
948 744 995 795 est
1007 743 1116 797 snpra
1136 748 1236 784 viam
1250 742 1480 783 Ardeatinam
1500 748 1589 783 inter
1599 744 1755 799 [apta-'em
1763 744 1891 795 sacrm-

49 803 135 844 dum
150 827 162 845 ‚
200 801 241 841 ds
259 802 401 839 tertium
423 813 434 833 -·
472 812 541 852 qua
560 802 751 852 irrigantur
772 799 862 837 horti
881 800 981 847 infra
1000 800 1100 836 viam
1123 797 1349 838 Ardeatinam
1363 822 1376 838 ,
1405 797 1447 836 ἐῢ·
1468 797 1664 847 Afinariam
1678 821 1691 839 2
1719 799 1822 851 usque
1841 798 1893 838 ad

50 861 234 901 Latinam.
274 853 334 894 Ex
348 853 495 908 quibus
508 853 648 893 verbis
671 851 771 906 quid
786 851 954 892 eliciam
972 883 983 900 ,
1016 853 1169 893 nescio.
1214 851 1345 894 Fuisse
1361 852 1442 892 hoc
1455 851 1604 892 ordine
1618 852 1759 893 stratas
1774 853 1861 894 vias
1873 883 1889 903 ,

50 924 95 952 ut
108 911 243 964 primo
258 908 411 948 Latina
426 939 438 957 ‚
470 906 622 947 deinde
639 906 827 947 Asinaria
842 937 854 954 ‚
885 907 1023 958 postea
1039 906 1272 947 Ardeatina
1287 905 1384 946 esset
1405 915 1418 946 .>
1451 905 1499 946 Id
1514 919 1615 946 vero
1630 919 1784 958 negant
1800 909 1886 948 An·
1906 919 2053 969 onuphr.
2065 917 2103 958 ἅς

52 964 218 1017 tiquarii
232 990 244 1009 ‚
275 962 342 1016 qui
359 964 469 1002 inter
486 961 766 1001 Ardeatinam
783 991 795 1009 ,
829 962 871 999 δε
891 960 1122 1001 Asinariam
1138 991 1148 1008 ‚
1184 961 1343 1002 medias
1359 960 1545 1012 Appiam
1560 991 1570 1009 ,
1605 961 1647 1000 δε
1663 960 1887 1001 Laurenti·
1908 968 1989 1004 Urbe
2003 972 2100 1018 Rom,

49 1033 144 1060 nam
160 1017 425 1058 constituunt.
470 1016 645 1056 Portam
664 1014 894 1056 Asinariam
911 1013 1025 1054 fuisse
1038 1027 1170 1067 prope
1187 1015 1381 1055 Latinam
1395 1042 1408 1060 ,
1432 1027 1525 1054 cum
1540 1014 1606 1054 via
1621 1028 1751 1067 prope
1766 1014 1885 1055 effer?
1905 1010 2064 1058 spiarlz'mi.

49 1072 179 1131 Atqui
193 1085 323 1123 prope
351 1071 549 1110 Latinam
563 1081 726 1122 portam
751 1068 830 1108 fuit
848 1070 1033 1121 Capena.
1080 1071 1188 1110 Nam
1204 1068 1255 1108 de
1270 1069 1445 1110 Gabiusa
1459 1081 1544 1120 quae
1557 1069 1672 1121 supra
1688 1069 1884 1109 Latinam
1904 1069 2044 1121 l.1.cap.
2061 1077 2101 1111 8.

48 1141 163 1176 erat,
195 1126 264 1165 hic
287 1127 423 1165 sermo
445 1123 521 1164 effe
545 1137 627 1162 non
651 1123 797 1175 potest.
842 1123 953 1175 Quid
969 1136 1066 1175 ergo
1079 1123 1368 1164 statuendum?
1402 1123 1525 1164 Nihil
1540 1123 1734 1177 equidem
1750 1124 1884 1170 certi3
1905 1118 1995 1156 edc'tzo
2012 1134 2048 1158 2·

48 1181 117 1222 sed
130 1193 269 1222 tamen
292 1180 334 1219 in
349 1180 413 1219 his
427 1179 532 1218 locis
554 1177 667 1217 fuiffe
682 1177 903 1218 Asinariam
920 1177 1031 1216 viam
1045 1207 1054 1223 ,
1093 1180 1136 1218 &
1153 1190 1334 1230 portam.
1378 1178 1461 1218 Via
1473 1178 1643 1230 quidem
1659 1178 1820 1218 diversa
1832 1177 1885 1218 ab

50 1235 213 1287 Appia,
248 1234 288 1272 δέ
308 1233 462 1274 Latina
476 1231 584 1272 fuit:
618 1231 744 1270 sedin
758 1230 1003 1270 alterutram
1026 1229 1425 1280 illarnmincfflens,
1459 1232 1713 1284 tendensque
1725 1230 1775 1271 ad
1788 1245 1887 1284 por-

49 1302 132 1329 tam
146 1288 223 1329 sive
239 1289 473 1339 Capenam,
499 1285 578 1326 sive
593 1285 794 1325 Latinam
807 1286 918 1324 suum
933 1285 1060 1324 etiam
1075 1298 1229 1324 nomen
1243 1286 1435 1326 alterutri
1451 1285 1678 1326 tribuebat.
1712 1286 1888 1327 Fulvius

49 1343 415 1383 Coelimontanam
431 1372 443 1389 ,
477 1339 712 1380 Asinariam
736 1351 884 1391 putat3
916 1338 958 1378 in
983 1341 1098 1379 causa
1119 1338 1327 1380 afferenda
1347 1339 1548 1380 ridiculus
1570 1340 1728 1392 magis,
1759 1353 1885 1392 quam

48 1396 240 1437 eruditus.
286 1394 550 1440 Honestiori‚
586 1408 709 1447 quam
734 1394 831 1438 ille,
865 1392 1129 1433 derivatione
1153 1393 1404 1434 deducerem
1428 1394 1626 1433 abhortis
1647 1394 1883 1443 Asinianis,

45 1453 112 1505 qui
138 1463 254 1491 erant
278 1450 319 1489 in
340 1449 514 1501 regione
537 1449 708 1488 Piscinae
733 1448 906 1501 publicae
921 1478 934 1496 ‚
966 1459 1010 1486 ut
1026 1447 1157 1487 refert
1174 1448 1322 1488 Petrus
1338 1447 1515 1489 Vieror:
1549 1461 1620 1489 aut
1633 1448 1776 1502 aliquo
1792 1449 1883 1488 Ro-

45 1519 171 1546 mano
195 1503 340 1545 Asinio
362 1504 526 1545 austore
544 1533 557 1548 ,
589 1504 657 1543 vel
680 1502 966 1542 instauratore.
1019 1501 1242 1543 Suetonius
1264 1503 1315 1542 de
1341 1503 1554 1555 Augusto:
1587 1502 1777 1556 Desimzpta
1788 1502 1882 1553 fibi,
1898 1504 1932 1538 In
1953 1505 2021 1539 vita

47 1560 182 1613 inquit
196 1589 208 1607 ,
240 1559 421 1597 flaminta
442 1560 503 1595 via
524 1559 683 1596 Arimino
702 1568 797 1595 tenus
813 1553 1024 1597 munienda,
1051 1556 1197 1609 reliquas
1216 1556 1489 1609 triumphalibus·
1509 1559 1598 1596 viris
1620 1557 1880 1595 emnanubrm-
1898 1565 1966 1604 cap.
1988 1569 2049 1603 30.

45 1615 75 1653 li
91 1611 445 1666 pecuniasternendas
463 1609 652 1662 distribuit.
692 1609 837 1663 Quid?
870 1609 895 1649 si
918 1623 1018 1650 tunc
1041 1610 1108 1651 vel
1133 1610 1295 1650 Afinius
1321 1610 1487 1655 Pollio,
1521 1611 1586 1650 vel
1604 1610 1879 1651 AsiniusGal-

44 1668 131 1709 lus,
163 1667 230 1720 qui
255 1666 323 1706 sub
346 1666 529 1718 Augusto
551 1664 668 1705 fuere
692 1665 921 1714 Consules,
953 1664 1004 1704 ab
1018 1664 1155 1704 hortis
1172 1664 1377 1705 Afinianis
1395 1665 1645 1705 inchoantes
1659 1663 1770 1705 viam
1783 1664 1882 1704 ster-

42 1721 219 1762 nendam
233 1727 456 1760 curarunt?

105 1775 301 1815 Proxima
324 1773 471 1814 Tiberi
486 1772 735 1825 Trigemina
749 1772 827 1821 est,
860 1785 966 1813 nunc
982 1773 1022 1813 S.
1039 1771 1173 1814 Pauli.
1216 1772 1473 1827 Trigeminae
1489 1786 1641 1813 nomen
1659 1773 1880 1826 Tergemi-
1894 1776 1991 1811 Porta
2001 1776 2078 1812 Triss

44 1829 84 1869 ni
101 1828 270 1870 Horatii
292 1822 552 1867 fratresinde
573 1827 623 1868 ad
639 1828 902 1879 pugnandum
927 1841 1019 1867 cum
1036 1828 1168 1867 tribus
1182 1827 1383 1868 Curiatiis
1405 1831 1543 1879 egr-effi
1561 1826 1729 1873 fecere;
1762 1826 1878 1867 fuisse
1890 1828 2016 1875 gemina
2084 1867 2093 1884 =.

42 1896 207 1936 portam
229 1883 288 1922 cis
304 1882 565 1922 Aventinum
588 1882 629 1920 in
644 1883 808 1921 minore
825 1881 959 1922 Urbis
973 1882 1196 1922 Pomoerio
1210 1883 1326 1933 supra
1341 1883 1489 1927 retuli,
1524 1895 1616 1922 cum
1634 1882 1797 1922 AEdiles
1810 1895 1878 1922 ex·
1894 1888 1970 1910 Μ’(
1983 1876 2096 1932 ,Sdnfff

41 1949 104 1978 tra
118 1935 406 1990 Trigeminam
420 1941 462 1975 in
479 1936 737 1975 Aventinum
751 1935 962 1987 porticum
978 1935 1224 1975 straverunt.
1267 1935 1427 1975 Eadem
1443 1936 1679 1977 Hostiensis.
1891 1926 1997 1964 Paulz.

103 1992 192 2044 Jam
216 1992 256 2029 in
278 1990 439 2030 ambitu
461 1989 779 2030 Transtiberino
800 2002 929 2042 portae
953 2002 1052 2029 tres.
1107 1989 1248 2029 Prima
1272 1989 1532 2038 Portuensis,
1562 1990 1674 2042 quod
1700 1989 1875 2030 Portum
1893 1992 1989 2026 Porta
2011 1991 2097 2039 Porg¹

45 2045 308 2087 Hostiensern
330 2043 584 2092 deduceret,
616 2043 685 2084 ubi
709 2046 815 2084 muri
830 2043 974 2083 refecti
1000 2045 1048 2083 ab
1067 2044 1285 2090 Honorio,
1320 2047 1361 2085 ὃς
1382 2045 1594 2091 Arcadi03
1628 2044 1774 2085 eadem
1792 2047 1876 2086 Na·
1894 2040 2012 2091 tuenfis.

43 2098 322 2140 valisdicitur.

99 2152 301 2192 Alterain
319 2150 435 2191 edito
450 2151 588 2192 Collis
601 2182 613 2200 ,
636 2164 742 2192 nunc
756 2150 894 2192 Sanffl
911 2152 1124 2193 Pancratii
1140 2183 1152 2202 ‚
1179 2153 1354 2192 Aurelia
1370 2151 1536 2192 fortasse
1551 2153 1765 2193 videretur
1778 2183 1791 2202 ‚
1808 2152 1878 2193 nisi
1895 2145 2093 2201 POYWsZ‘dm‘*

44 2205 276 2259 Procopius
291 2219 382 2246 eam
394 2205 588 2246 statuisset
607 2219 738 2258 prope
752 2206 918 2246 Molem
939 2206 1142 2255 Adriani,
1174 2220 1222 2246 ac
1237 2209 1467 2260 Templum
1483 2209 1522 2249 S.
1540 2207 1685 2258 Petri,
1716 2220 1760 2247 ut
1775 2207 1878 2247 dixi·
1896 2197 2016 2246 culcnszs
2087 2247 2094 2254 ,

41 2275 145 2302 mus.
190 2261 461 2301 Hancautem
475 2260 608 2300 veteri
625 2261 793 2300 nomine
812 2259 1116 2313 Janictilensem
1127 2261 1355 2313 appellant.
1893 2259 1968 2316 nnnc
1989 2244 2092 2305 &3¹5⁸

104 2315 271 2358 Ultima
296 2313 347 2354 ad
366 2314 558 2354 Tiberim
582 2314 842 2365 Septimiana
861 2315 985 2368 'porta
998 2315 1051 2354 est
1068 2345 1079 2363 ,
1114 2314 1134 2354 a
1153 2316 1362 2367 Septimio
1378 2316 1532 2356 Severo
1545 2316 1811 2369 Imperatore
1827 2298 2061 2381 fic})a›1cra}tz.

42 2369 166 2410 dista.
210 2369 292 2409 Hic
306 2368 418 2408 enim
432 2368 533 2408 teste
548 2368 771 2420 Spartiano
795 2369 1004 2409 Thermas
1016 2369 1297 2421 Septimianas
1316 2370 1356 2408 in
1375 2370 1686 2410 Transtiberina
1704 2371 1876 2422 regione
1923 2357 1990 2404 arta
2028 2360 2063 2381 θ’

43 2423 94 2463 ad
114 2435 281 2475 portam
304 2423 361 2462 sui
387 2422 567 2461 nominis
591 2421 840 2471 aedificavit,
871 2423 940 2462 ubi
959 2424 1081 2475 Janus
1105 2424 1387 2475 septimianus
1403 2455 1415 2473 ‚
1449 2426 1573 2466 &ara
1596 2425 1871 2478 Septimiana.
1888 2407 2046 2446 Pmm‘zna'

42 2477 188 2517 Mansit
204 2476 346 2517 Severi
362 2489 517 2516 nomen
533 2478 652 2528 usque
666 2475 716 2516 ad
730 2476 1018 2518 Alexandrum
1035 2479 1114 2519 V1.
1140 2477 1396 2518 Pontificem
1413 2479 1667 2528 Maximum,
1692 2478 1760 2530 qui
1775 2491 1874 2531 por-

41 2543 124 2572 tam
136 2530 372 2571 instauravit
387 2561 398 2578 ‚
431 2530 623 2570 Titulum
638 2529 817 2571 abstulit.

97 2585 226 2625 Porta
249 2584 511 2637 Septimiana
526 2609 536 2629 ,
569 2598 618 2624 an
637 2584 876 2625 Fontinalis
897 2585 1027 2626 etiam
1050 2585 1228 2626 dicenda
1241 2585 1314 2635 sit,
1345 2587 1591 2639 ambigitur.
1636 2585 1963 2631 Fontinalisestn
1983 2591 2088 2629 eadem

40 2652 178 2679 autem
200 2669 212 2687 ,
253 2639 364 2693 quod
385 2638 435 2678 ad
458 2639 577 2678 illam
603 2638 805 2680 Pontium
826 2640 937 2678 sacra
960 2640 1109 2687 fierent
1133 2641 1349 2680 coronatis
1373 2643 1537 2694 pueris,
1580 2645 1622 2682 &
1649 2640 1873 2682 Fontibus.
1893 2643 2065 2681 Fontinalis.

43 2692 282 2735 Fontinalis
304 2691 472 2746 quidem
498 2692 709 2733 nonnullis
735 2694 906 2745 Capena
925 2693 979 2733 est
994 2725 1007 2743 ,
1040 2694 1152 2747 quod
1176 2694 1228 2735 ad
1250 2707 1342 2735 eam
1362 2709 1512 2748 magna
1527 2694 1710 2735 fontium
1722 2695 1869 2747 copia,

43 2747 223 2799 ideoque
237 2746 404 2787 madida
419 2745 440 2786 ὲ
458 2746 657 2800 Juvenale
671 2778 685 2796 ‚
709 2746 751 2785 δε
768 2747 970 2787 Martiale
982 2748 1126 2801 grandi
1143 2749 1286 2801 pluere
1299 2763 1417 2803 gutta
1429 2750 1597 2789 dicitur.
1633 2749 1727 2789 Huc
1740 2750 1870 2791 etiam

39 2800 364 2842 accommodant
388 2800 501 2840 Livii
515 2803 656 2841 locum
675 2816 685 2842 ε
718 2801 856 2840 AEdiles
874 2802 1024 2840 alteram
1045 2805 1221 2841 Particum
1240 2803 1289 2841 ad
1301 2815 1437 2857 portam
1459 2803 1673 2842 fontinalem
1693 2801 1742 2841 ad
1759 2806 1871 2842 Mar-

39 2855 84 2895 m
102 2858 210 2896 Aram
232 2878 246 2899 ,
283 2867 352 2909 qua
372 2858 409 2894 in
428 2857 575 2909 Campos
596 2858 659 2896 iter
676 2853 753 2907 estet
775 2878 790 2900 2
820 2854 1076 2908 perduxerunt.
1124 2857 1234 2898 Cum
1253 2860 1368 2900 enirn
1390 2858 1486 2899 effen
1510 2869 1625 2899 extra
1649 2858 1868 2910 Capenam

1738 2912 1868 2952 Tem-
