2355 3335
221 464 354 498 Porticus

218 513 354 550 fidetelli„

218 566 291 599 Lib.
309 577 339 600 1.

220 632 292 669 Lib.
310 649 343 674 ι,

219 702 292 739 Lib.
313 716 367 748 34.

219 763 287 802 cap.
309 768 338 800 3.

218 806 359 841 Portisus

421 124 480 170 62
923 120 1043 168 DE
1115 119 1392 166 URBE
1463 119 1768 170 ROMA.

428 217 497 244 cus
512 203 699 245 Octaviae
713 203 753 243 in
771 203 933 255 Campo
946 201 1109 241 Martio
1123 232 1135 250 ‚
1167 200 1281 251 cujus
1296 212 1370 239 nec
1386 198 1434 241 P.
1455 199 1589 241 Rufus
1604 231 1618 250 ,
1651 200 1691 239 δε
1712 200 1859 240 Petrus
1872 197 2026 240 Vieior
2039 230 2050 248 ,
2082 211 2158 239 nec
2173 199 2266 248 alii,

429 272 532 311 quos
546 258 721 311 legerim
738 289 747 305 ‚
780 257 1062 297 meminerunt
1081 265 1093 294 .>
1125 256 1280 294 Porticus
1304 257 1395 291 enim
1415 256 1594 295 ostavirm
1622 266 1666 294 ut
1678 254 1737 294 ait
1754 253 1892 295 Festus
1906 283 1918 302 ‚
1949 251 2023 292 duae
2044 253 2270 308 appellantur:

430 325 581 364 quarum
608 312 755 349 alteram
778 311 928 350 Theatra
946 309 1110 349 Marcelli
1126 311 1318 362 propiorem
1342 307 1491 346 ouavia
1514 306 1607 359 fiiror
1629 307 1875 360 Augustifecit
1899 320 1908 340 -·
1944 307 2093 346 alteram
2113 305 2264 346 Theatro

430 367 585 418 Pompeii
598 369 806 420 proximum
827 365 1066 402 Cn-Oc'iavius
1079 386 1090 403 2
1119 365 1182 399 Cu.
1204 361 1317 400 lez'us
1328 388 1341 406 ,
1374 374 1436 413 qut
1445 363 1526 411 fuit
1536 361 1669 402 AEdtlis
1689 362 1828 400 Curulis
1841 385 1856 402 ,
1883 363 2006 399 Praetor
2017 359 2165 412 Consul,
2192 362 2266 399 De-

428 423 557 458 cemvir
568 420 679 471 sacris
691 418 869 470 faciendis·
883 442 895 459 ‚
923 416 1155 470 triumphavit
1178 414 1219 454 de
1237 419 1328 467 Rege
1347 413 1443 465 Perse
1456 415 1595 453 Navalz
1614 414 1819 468 Triumpho.
1857 414 1976 468 Qram
1988 413 2199 465 combustam
2209 427 2266 452 re·-

427 472 611 523 fi‘ciena'tzm
630 475 767 511 efflavit
786 471 895 523 Caestzr
916 470 1103 522 Augustus.
1143 468 1572 519 Priorillaadjunetas
1594 469 1696 508 alias
1710 468 1901 509 Porticus
1915 468 2058 507 habuit
2073 466 2095 508 ὲ
2108 468 2266 507 Metel-

428 528 471 566 lo
494 527 776 568 Macedonico
799 525 1019 565 extruCtas.
1072 523 1264 574 Velleius
1290 537 1299 562 :
1341 526 1413 561 Hic
1431 522 1482 573 est
1501 522 1665 562 Metellus
1682 520 1935 562 Macedonicus
1958 545 1971 563 ‚
1999 524 2062 573 qui
2080 523 2263 563 Porticus,

430 593 504 633 quae
515 583 619 630 fuere
638 579 859 620 circumdatae
890 576 1025 616 duabus
1047 575 1178 615 cedibus
1190 576 1266 628 fine
1286 575 1503 628 inscriptione
1522 576 1635 629 positis
1654 599 1667 617 >
1704 588 1778 630 quae
1796 589 1886 614 nunc
1906 577 2061 614 Octavia
2079 573 2268 629 porticibus

428 632 631 675 ambiuntur
640 637 784 685 fecerat.
826 635 892 675 De
908 633 1041 671 altera
1059 630 1252 681 Velleius
1266 630 1379 669 idem
1399 645 1408 670 τ
1443 633 1616 669 Porticum
1628 633 1666 668 in
1675 633 1702 668 C
1706 633 1773 668 irco
1791 631 2033 669 Cn.OHuviu5
2043 630 2150 667 multo
2161 642 2266 668 amoe-

427 689 603 739 mffimam
622 688 762 726 molitus
781 687 841 738 est.
890 686 1049 726 Plinius
1067 701 1076 726 ε
1110 687 1254 723 Invenio
1273 707 1285 724 2
1314 683 1355 722 ἐφ
1375 683 1397 720 ἁ
1420 686 1482 722 Cn.
1501 685 1644 722 Oflavio
1658 708 1672 725 ,
1702 686 1765 738 qui
1781 681 1821 722 cle
1842 682 1956 734 Perseo
1976 687 2064 735 Rege
2087 682 2267 721 Navalem

429 742 663 796 Triumphum
682 745 749 794 egit
773 764 786 781 >
805 742 940 791 fatiam
963 742 1137 778 porticum
1159 738 1333 792 duplicem
1355 735 1403 775 ad
1420 741 1560 777 Circum
1580 738 1797 777 Flaminium
1812 760 1825 778 ,
1854 749 1924 791 qua
1943 736 2122 777 Corinthia
2133 736 2182 786 fit
2201 746 2266 790 ap-

423 797 550 849 pellata
572 796 593 832 ἁ
607 795 777 848 Capztulis
797 798 890 834 aerez‘s
911 794 1173 832 Columnarum.
1216 791 1406 832 Eandem
1424 791 1654 832 Philander
1668 792 1690 832 a
1705 790 1897 831 structura
1913 822 1923 838 ‚
1958 794 1999 831 δέ
2016 793 2266 843 symmetriae

221 853 380 889 Cormthia
432 850 665 889 Corinthiae
679 848 859 888 modulis
872 848 1144 889 Corinthiam
1161 859 1385 898 nuncupat.
1422 848 1583 887 Neutra
1596 860 1643 886 ex
1659 845 1723 885 his
1738 845 1978 885 Porticibus
1992 844 2071 886 fuit
2085 845 2126 884 in
2142 846 2267 886 Cam-

219 903 396 953 catlcnzquae
428 916 484 957 po
512 905 686 944 Martio.
730 903 850 943 Prior
871 903 982 942 enim
1009 901 1198 941 Ostaviae
1223 899 1376 940 sororis
1400 900 1569 954 Augusti
1596 913 1684 940 erat
1708 899 1816 940 intra
1842 899 2007 941 Urbem
2025 930 2036 946 ‚
2067 899 2135 938 ubi
2160 913 2268 940 nunc

223 954 361 990 Οἶῖ-’ῑνῐίῑ
374 984 387 1007 ,,
433 959 659 1010 Templum
683 956 875 1010 Virginis
890 988 901 1005 ‚
935 967 1222 1008 cognomento
1244 955 1285 994 in
1300 954 1473 995 Porticu
1488 986 1499 1002 ‚
1535 953 1557 994 a
1572 953 1784 994 veteribus
1797 954 1983 994 Ofiaviae
1999 952 2265 1003 Porticibus,

224 1005 415 1069 &rsbzesjeu
433 1026 474 1051 ut
491 1025 664 1052 monent
677 1011 901 1065 antiquarii
922 1042 931 1059 ,
965 1022 1261 1063 nuncupatum.
1309 1010 1369 1048 At
1394 1008 1621 1049 Corinthia
1646 1010 1724 1049 Cn.
1748 1007 1942 1053 octavii,
1975 1007 2265 1061 quamvisfue-

219 1056 341 1104 1⁴¹5&
363 1058 415 1093 Vl·
434 1067 487 1106 rit
510 1080 625 1106 extra
648 1066 814 1107 Urbem
831 1096 843 1113 ,
876 1065 916 1104 in
935 1066 1100 1117 Campo
1113 1076 1252 1103 tamen
1269 1063 1432 1102 Martio
1447 1076 1527 1102 non
1544 1061 1624 1103 fuit
1638 1094 1650 1112 ‚
1682 1062 1805 1102 sedin
1821 1063 1961 1102 altero
1975 1062 2037 1101 illi
2052 1061 2237 1101 finitimo
2252 1092 2265 1110 ‚

221 1117 339 1142 IYIWIHS

221 1170 249 1195 c.
266 1174 301 1205 ι).

224 1565 292 1602 Lib.
316 1581 345 1614 3.

221 1618 355 1658 (Amal,

435 1121 631 1174 Urbique
645 1119 947 1174 propinquiore
964 1120 1128 1170 Campo
1144 1148 1155 1166 ,
1189 1118 1230 1156 in
1244 1130 1326 1170 quo
1342 1117 1530 1170 plurimae
1545 1117 1634 1158 aliae
1651 1117 1843 1158 Porticus
1858 1147 1870 1165 ‚
1905 1120 1945 1158 &
1960 1116 2125 1169 publica
2140 1115 2266 1158 aedifi-

433 1176 494 1215 cia
508 1176 770 1222 visebantur,
803 1175 975 1227 utsupra
992 1171 1240 1212 memoravi.

492 1230 592 1283 Εἷς-ες
604 1243 700 1281 ergo
717 1230 796 1268 Cn.
814 1228 980 1268 oetavii
995 1226 1182 1280 porticus
1196 1225 1449 1276 intelligitur
1462 1225 1482 1265 a
1502 1225 1684 1278 josepho
1700 1256 1709 1273 ,
1744 1228 1785 1265 δε
1803 1224 2265 1270 Odlaviasarnbulatio-

433 1297 504 1324 nes
519 1285 647 1329 dixit3
681 1284 776 1338 quia
798 1282 948 1335 duplex
969 1292 1059 1320 erat
1081 1280 1293 1333 porticus:
1329 1280 1406 1320 five
1421 1279 1579 1332 duplici
1595 1280 1743 1318 ordine
1758 1280 2096 1320 columnarumin
2112 1281 2262 1320 eodem

434 1339 550 1379 solo:
577 1338 656 1377 sive
670 1337 825 1390 duplici
843 1334 1238 1383 concameratione,
1263 1348 1307 1374 ut
1319 1335 1452 1374 altera
1464 1334 1720 1386 superiorem
1738 1365 1749 1382 ,
1774 1335 1815 1372 &
1831 1334 2034 1374 columna
2049 1336 2266 1375 columnas

431 1393 692 1433 sustinerent.
738 1391 920 1433 Utrovis
940 1388 1070 1430 modo
1091 1389 1225 1442 prima
1249 1388 1395 1429 Romae
1418 1388 1644 1428 construe‘la
1669 1387 1749 1436 est,
1781 1400 1826 1427 ut
1846 1388 1906 1428 ait
1931 1388 2076 1429 Petrus
2099 1390 2263 1430 Viator.

434 1447 565 1486 Causa
590 1460 689 1486 vero
706 1476 716 1493 ,
748 1459 817 1486 cur
840 1445 923 1486 haec
944 1445 1084 1498 potius
1106 1442 1230 1495 quam
1249 1443 1379 1483 altera
1403 1442 1593 1484 Octaviae
1618 1443 1801 1495 porticus
1822 1441 1868 1482 fit
1892 1442 2167 1494 intelligenda
2183 1443 2262 1490 est;

431 1502 528 1555 quia
552 1500 841 1554 Vespasianus,
876 1500 918 1538 &
944 1499 1069 1541 'situs
1084 1497 1378 1550 triumphaturi
1404 1510 1521 1537 more
1545 1498 1753 1548 majorum
1770 1496 1893 1538 Urbe
1916 1499 2053 1550 egresfi
2069 1498 2184 1546 sunt,
2215 1509 2261 1538 ut

431 1556 626 1608 postridie
650 1556 986 1604 triumpharent:
1021 1553 1199 1605 ideoque
1222 1551 1327 1605 apud
1345 1550 1833 1604 Ifidempernoetarunt:
1868 1563 1911 1590 ut
1927 1564 1973 1591 ex
1986 1553 2263 1605 antiqualege

431 1610 675 1650 viderentur
695 1623 833 1662 agere.
888 1608 1033 1649 Simile
1056 1609 1153 1661 quid
1177 1606 1353 1647 Tacitus
1376 1606 1426 1645 de
1445 1608 1605 1647 Druso:
1640 1605 1772 1656 Drusus
1794 1603 1891 1643 Urbe
1913 1606 2054 1658 egreffirs
2074 1605 2265 1658 repetendis

429 1667 617 1717 auspiciis,
650 1677 734 1702 mox
753 1677 859 1702 ovans
880 1663 1039 1717 ingressus
1058 1661 1117 1713 est.
1165 1660 1269 1700 Inde
1296 1673 1396 1700 vero
1420 1659 1470 1700 ad
1496 1659 1707 1712 porticum
1732 1660 2076 1712 propinquiorem
2103 1673 2260 1713 portae,

429 1718 497 1758 ubi
519 1731 717 1758 venturos
743 1719 924 1757 Caesares
944 1716 1250 1770 praestolabatur
1275 1715 1474 1760 Senatus,
1527 1727 1614 1755 tum
1635 1713 1684 1754 ad
1710 1726 1879 1766 portam
1904 1714 2229 1766 Triumphalem
2249 1745 2263 1764 ,

430 1773 688 1826 triumphum
704 1772 848 1811 inituri
865 1783 1149 1823 perrexerunt.

486 1829 591 1867 Cum
607 1827 730 1879 igitur
748 1826 942 1866 Porticus
955 1825 1052 1864 esset
1067 1824 1117 1864 ad
1131 1824 1300 1864 Circum
1317 1823 1573 1864 Flaminium
1589 1853 1601 1871 ‚
1636 1824 1678 1864 δε
1697 1822 1931 1862 Theatrum
1948 1821 2141 1876 Pompeji
2157 1823 2268 1864 telli-

431 1881 503 1921 bus
520 1882 682 1927 Plinio,
717 1881 758 1919 &
777 1880 923 1921 Festo:
961 1880 1002 1917 &
1020 1892 1092 1918 nos
1106 1880 1237 1918 imum
1253 1879 1424 1918 Circum
1438 1877 1488 1917 ad
1505 1878 1609 1918 aedes
1624 1878 1787 1918 Ducum
1805 1876 2106 1916 Caesarinorum
2121 1876 2268 1917 statue-

430 1936 582 1976 rimus:
615 1937 727 1975 inter
742 1935 835 1983 has,
870 1938 911 1976 δέ
929 1934 1066 1975 vicum
1084 1933 1488 1986 Thoracopoeorum
1504 1963 1516 1978 ,
1550 1945 1594 1972 ut
1609 1944 1761 1971 vocant
1776 1962 1788 1979 ,
1822 1927 1936 1970 fuisse
1952 1932 2172 1971 verisimile
2186 1932 2259 1975 cst:

429 1991 493 2031 Ibi
519 1991 632 2030 enim
659 1989 745 2042 post
768 1990 872 2029 aedes
898 1992 1066 2032 Ducum
1094 1987 1340 2029 Urfinorum
1362 1987 1414 2027 ad
1438 1988 1646 2038 Campum
1662 1985 1796 2025 Florae
1814 1985 1992 2024 Theatri
2010 1985 2261 2038 Pompeiani

429 2045 600 2098 vestigia
620 2057 838 2097 apparent.
881 2043 1110 2085 Marlianus
1124 2054 1242 2096 putat
1267 2054 1595 2092 cognomentum
1613 2040 1652 2080 S.
1672 2039 1840 2080 Nicolai
1855 2039 1894 2077 in
1912 2039 2136 2079 Chalcaria
2149 2041 2198 2079 ab
2214 2054 2261 2079 ea

432 2102 599 2154 porticu
623 2099 802 2139 derivari
819 2129 830 2147 ,
856 2100 983 2148 χαλκᾶς
1006 2096 1117 2136 enim
1144 2109 1194 2136 aes
1208 2096 1375 2137 dicitur.
1420 2095 1500 2135 Sed
1516 2094 1764 2147 nonplacet.
1809 2095 1920 2134 Nam
1941 2093 2123 2134 'Romani
2140 2093 2261 2134 nona

433 2157 578 2195 Graeco
603 2154 800 2200 nomine,
843 2152 911 2192 led
936 2150 1209 2190 Corinthiam
1231 2150 1281 2190 ab
1307 2150 1445 2198 aereis,
1489 2152 1527 2189 &
1555 2147 1794 2188 Corinthiis
1818 2147 2026 2198 Capitulis
2049 2147 2258 2189 dixerunt.

434 2209 618 2259 Templo
632 2221 771 2248 autem
788 2204 1270 2258 Chalcariaepropinquae
1287 2216 1613 2258 cognomentum
1628 2203 1725 2241 dare
1739 2214 1983 2254 poruerunt.

490 2263 603 2304 Hinc
635 2276 774 2302 autem
797 2259 1013 2301 manifesta
1029 2273 1173 2299 eorum
1197 2258 1397 2312 deceptio
1419 2270 1614 2310 apparet,
1654 2257 1722 2309 qui
1743 2268 1909 2310 portam
1935 2256 2258 2310 Triumphalem

432 2317 476 2357 in
501 2316 700 2356 ulteriore
722 2316 809 2369 ripa
823 2315 994 2356 Tiberis
1016 2314 1065 2354 ad
1093 2314 1132 2354 S.
1153 2313 1352 2366 Spiritum
1375 2314 1417 2352 in
1433 2312 1550 2353 Saxia
1570 2312 1832 2352 locaverunt.
1876 2311 1983 2350 Cum
1998 2311 2110 2350 euim
2126 2312 2262 2364 porti-

431 2385 501 2412 cus
515 2403 526 2420 ,
553 2372 619 2410 ubi
636 2384 753 2411 eraut
770 2374 1070 2423 Imperatores,
1094 2367 1191 2407 estet
1203 2368 1250 2407 ad
1266 2368 1436 2408 Circum
1453 2366 1729 2410 Flaminium,
1762 2365 1978 2419 quomodo
1992 2365 2089 2404 inde
2103 2365 2153 2404 ad
2168 2366 2262 2405 Cir-

432 2440 526 2465 cum
553 2426 764 2472 Neronis,
796 2425 1057 2477 Campusque
1083 2423 1312 2463 Vaticanos
1337 2420 1605 2462 retrocessere
1622 2451 1632 2468 ,
1674 2433 1754 2459 uuo
1783 2419 1953 2459 circiter
1973 2419 2174 2459 milliario
2195 2420 2260 2459 di-

431 2479 613 2520 stantes?
646 2478 895 2532 perastoque
918 2478 1072 2517 itinere
1096 2488 1299 2517 venerunt
1318 2478 1368 2517 ad
1384 2489 1546 2530 portam
1564 2473 1696 2515 Urbis
1711 2505 1722 2519 ‚
1756 2474 1936 2526 quiante
1951 2504 1963 2522 ,
1997 2474 2259 2513 tantointer-

431 2535 546 2574 vallo
570 2533 915 2586 propinquiores,
949 2530 1224 2571 nihilominus
1249 2544 1364 2570 erant
1390 2543 1505 2570 extra
1521 2529 1717 2570 Urbem?
1755 2531 1853 2569 Non
1880 2541 1980 2580 ergo
2003 2527 2257 2568 fictitiamad

432 2588 549 2628 illam
574 2600 738 2639 portam
763 2600 877 2627 retro
900 2585 1030 2630 vecti‚
1063 2584 1130 2625 sed
1156 2585 1204 2625 ad
1227 2584 1351 2624 aliam
1373 2598 1469 2625 vere
1485 2583 1805 2634 Triumphalem
1819 2581 2007 2634 provthi
2023 2582 2112 2621 sunt
2128 2583 2260 2622 Caesa-

433 2656 511 2683 res.
563 2641 687 2695 Quod
712 2642 867 2682 evincit
891 2653 972 2679 non
997 2640 1065 2679 hic
1090 2640 1469 2690 solumVespafiaui
1487 2637 1768 2689 Triumphus,
1799 2636 1864 2675 sed
1887 2637 2024 2675 multo
2048 2636 2258 2677 efficacius

431 2710 621 2736 veterum
647 2695 871 2746 Triumphi
896 2695 1120 2734 Consulum
1137 2724 1148 2742 ,
1180 2707 1226 2732 ac
1243 2693 1488 2733 Praerorum.
1532 2694 1642 2733 Nam
1666 2703 1789 2746 porta
1803 2690 2090 2742 Triumphalis
2111 2689 2193 2730 fuit
2215 2692 2259 2730 in

434 2750 556 2791 Urbe
568 2763 664 2790 ante
680 2750 960 2792 Ciceronem3
993 2752 1088 2788 cum
1105 2779 1115 2796 ,
1150 2759 1193 2786 ut
1207 2746 1484 2786 demonstravi
1502 2778 1512 2794 ‚
1547 2745 1740 2786 Romana
1754 2745 1916 2785 moenia
1933 2743 1953 2784 a
1970 2757 2067 2795 rupe
2082 2745 2258 2796 Capito-

431 2804 518 2844 lina
544 2818 616 2856 per
634 2805 788 2845 Forum
813 2817 918 2844 nunc
935 2802 1255 2841 Montanarium
1281 2800 1390 2840 rediit
1416 2800 1648 2840 tendebant
1670 2799 1720 2840 ad
1736 2799 1946 2839 Tiberim.
1997 2798 2099 2838 Erat
2123 2798 2256 2851 prope

432 2858 577 2899 Circus
602 2859 859 2910 Flaminius,
888 2858 930 2898 in
954 2869 1036 2911 quo
1059 2854 1186 2897 multi
1209 2867 1432 2909 antequam
1463 2853 1772 2909 triumphantes
1794 2853 1949 2894 inirent
1967 2852 2131 2894 Urbem
2148 2883 2161 2901 ‚
2202 2854 2262 2893 le-

2112 2918 2263 2959 guntur
