2251 3283
361 119 452 186 246
860 112 983 164 DE
1052 108 1333 162 URBE
1402 108 1713 162 ROMA,

1428 191 1541 257 [sy
1550 197 1645 246 2510*

368 1080 454 1122 que
469 1079 571 1121 pyra
584 1065 727 1107 visitur
741 1064 782 1106 in
798 1076 1027 1114 marmore,
1053 1062 1310 1116 inficiensque
1325 1062 1455 1116 figura
1469 1060 1657 1115 palliata,
1684 1064 1726 1105 δε
1740 1062 1976 1104 seminudus
1988 1061 2102 1103 humi
2118 1075 2214 1114 pro-

368 1125 573 1164 cumbens
594 1121 765 1162 Genius.
819 1120 935 1162 Hinc
957 1133 1076 1160 error
1097 1132 1213 1172 patet
1236 1119 1368 1159 Fulvii
1389 1117 1604 1159 afferentis
1627 1117 1855 1172 expressum
1872 1118 1950 1159 esse
1969 1118 2209 1160 Domitiani

366 1178 577 1219 somnium
593 1175 614 1216 ἐι
630 1177 826 1217 Minerva
838 1175 1048 1220 destituti,
1081 1174 1347 1228 aliorumque
1360 1173 1624 1226 opinantium
1638 1186 1962 1214 monumentum
1974 1171 2051 1213 effe
2067 1171 2215 1214 Visto-

367 1234 439 1274 riae
464 1232 611 1281 Drmi,
644 1232 696 1272 de
719 1230 866 1285 quibus
887 1229 984 1270 satis
1008 1231 1227 1272 Donatus:
1261 1228 1412 1269 mulier
1436 1229 1549 1268 enim
1576 1228 1678 1277 illa,
1711 1242 1786 1268 nec
1808 1229 1999 1269 minerva
2023 1227 2099 1277 est,
2134 1242 2211 1270 nec

365 1288 506 1343 specie
528 1287 701 1328 barbara
717 1317 730 1336 ,
761 1285 830 1326 sed
848 1284 1041 1327 Faustina
1055 1284 1139 1336 jam
1156 1285 1367 1337 Divasque
1382 1283 1431 1323 fic
1445 1282 1495 1324 ad
1509 1283 1609 1323 astra
1622 1283 1755 1322 fertur
1779 1282 1799 1323 a
1818 1284 1970 1324 Diana.
2012 1282 2059 1321 In
2075 1283 2211 1323 altero

363 1344 473 1386 item
497 1355 707 1383 marmore
730 1338 933 1395 expressus
954 1338 1009 1379 est
1023 1341 1264 1393 Imperator
1278 1338 1380 1379 stans
1416 1339 1625 1392 (opinor)
1663 1338 1858 1388 Marcus,
1892 1338 2082 1393 quamvis
2095 1340 2210 1380 exesa

364 1399 492 1441 nimis
513 1398 654 1451 imago
678 1397 724 1438 fit
738 1395 941 1437 vetustate
956 1425 968 1443 ‚
998 1406 1124 1447 atque
1140 1393 1355 1447 &suggestu
1369 1393 1600 1446 alloquitur
1611 1393 1835 1447 populum,
1867 1394 2052 1435 adstante
2064 1393 2212 1446 pallia-

364 1467 415 1496 to
428 1467 585 1509 puero,
616 1453 685 1506 qui
711 1451 789 1493 five
815 1451 1048 1495 alimento,
1080 1448 1161 1490 five
1184 1449 1363 1489 tutelam
1379 1448 1511 1490 Italiae
1525 1448 1736 1502 designat,
1767 1449 1866 1489 utin
1885 1448 2079 1490 nummis.
2125 1448 2209 1488 Hic

364 1523 468 1565 ergo
493 1511 630 1550 Arcus
655 1510 709 1550 D.
729 1507 904 1555 Marco,
938 1508 982 1547 δε
1009 1503 1277 1547 D.Faustinae
1302 1502 1510 1545 extructus
1532 1503 1612 1545 fuit
1630 1503 2100 1557 aConimodoipsorum
2118 1503 2209 1543 filio

362 1566 417 1606 ad
435 1563 649 1607 Antonini
667 1564 851 1608 Forum3
882 1560 951 1601 ubi
966 1560 1039 1601 ille
1052 1587 1065 1605 ,
1100 1561 1142 1601 δε
1157 1559 1410 1600 Columnam
1421 1558 1552 1612 patris
1567 1559 1687 1599 rebus
1699 1559 1843 1612 gestis,
1876 1559 1919 1599 in
1935 1559 2208 1600 Marcoman-

363 1621 461 1661 nico
482 1619 625 1666 bello,
658 1618 872 1659 dicaverat
893 1615 1108 1667 insignem.
1151 1615 1235 1656 Hic
1258 1626 1492 1667 oportunus
1506 1615 1586 1655 erit
1604 1613 1844 1655 recensendi
1861 1614 2079 1654 locuscum
2095 1626 2206 1653 anno

361 1676 413 1717 Μ
433 1677 473 1718 D
487 1677 522 1716 C
535 1676 580 1717 X
598 1674 682 1716 LI.
724 1672 775 1714 ab
789 1671 1061 1713 Illustriffimo
1076 1702 1087 1719 ‚
1119 1682 1245 1723 atque
1261 1669 1621 1711 Excellentiffimo
1633 1669 1888 1711 Carboniani
1904 1668 2099 1722 Principe
2116 1699 2127 1717 ,
2160 1681 2209 1708 ex

358 1731 666 1786 praeclariffima
686 1725 1024 1770 Columnenfium
1048 1724 1213 1766 familia
1228 1756 1240 1774 ,
1271 1724 1597 1766 instaurarentur
1623 1724 1775 1774 AEdes,
1807 1724 1848 1764 in
1865 1725 2004 1778 platea
2017 1737 2104 1777 quae
2120 1723 2208 1763 vul-

360 1788 417 1841 gb
440 1786 612 1828 Sciarrae
635 1796 894 1837 nuncupatur
912 1814 924 1833 ,
957 1794 1041 1822 non
1064 1781 1192 1834 longe
1216 1779 1267 1820 ab
1283 1780 1549 1825 hocArcuin
1568 1780 1802 1829 Flaminia,
1836 1777 2206 1831 interjaciendum

362 1844 505 1893 Portae
530 1841 833 1886 fundamenta,
867 1837 1057 1892 quaedam
1086 1836 1127 1876 in
1153 1834 1371 1876 ruderibus
1388 1868 1399 1886 ,
1431 1836 1617 1877 lateritia
1640 1836 1889 1888 lapideaque
1905 1833 2075 1885 vestigia
2088 1845 2208 1874 eruta

359 1896 507 1939 fuiffe:
542 1895 652 1936 unde
677 1893 906 1935 Leonardo
925 1890 1156 1945 Augustino
1171 1890 1498 1931 Eminentiffimi
1515 1922 1528 1940 ,
1559 1905 1607 1932 ac
1624 1890 1971 1932 Reverendiffimi
1998 1887 2208 1940 Principis

359 1951 567 1995 Francisci
593 1950 814 1990 Barberini
837 1947 1069 1990 cardinalis
1096 1945 1377 2000 Amiquario,
1408 1945 1687 1999 aliquasinibi
1704 1945 1917 2000 praeclaras
1934 1941 2085 1985 subess‘e
2100 1943 2210 1984 anti-

362 2007 539 2062 quitatis
562 2005 757 2060 reliquias
773 2035 784 2053 ,
817 2017 901 2045 non
927 1999 1090 2043 temere
1117 2001 1352 2042 arbitrante
1368 2032 1380 2050 ,
1412 2002 1464 2042 ad
1476 2002 1589 2053 xxiij.
1610 2001 1774 2052 palmos
1791 2031 1803 2049 ,
1833 2000 1876 2040 in
1894 1999 2040 2039 eadem
2057 1997 2210 2038 flami-

363 2062 434 2103 nia
449 2090 462 2108 ,
493 2074 606 2102 terra
619 2061 776 2101 circum
791 2057 923 2112 egesta
937 2089 949 2106 ,
980 2058 1199 2110 antiquum
1213 2056 1502 2110 pavimentum
1519 2053 2069 2100 taxillatumdetec'tumest,
2094 2052 2211 2092 effos-

365 2118 540 2172 sumque
564 2115 712 2168 ingens
733 2112 1170 2160 marmorisfrustum,
1203 2125 1296 2152 cum
1312 2111 1638 2163 triumphalibus
1653 2110 1788 2151 titulis
1808 2110 2081 2162 Imperatoris
2093 2108 2212 2147 Clau-

365 2172 443 2213 dii.
488 2169 644 2213 Effossae
658 2170 822 2223 insuper
833 2183 883 2210 ex
898 2167 1106 2210 Africano
1122 2179 1329 2207 marmore
1343 2165 1488 2207 striatae
1505 2199 1517 2215 ,
1549 2165 1617 2206 sed
1632 2165 1778 2205 dirutae
1792 2165 1998 2205 columnae
2014 2163 2211 2216 simulque

365 2226 527 2280 captivi
545 2238 740 2274 truncus,
772 2237 860 2279 quae
874 2223 1018 2263 omnia
1034 2224 1194 2262 Arcum
1210 2221 1485 2274 Imperatoris
1498 2220 1658 2261 Claudii
1678 2219 1792 2260 fuisse
1811 2219 1976 2260 abunde
1989 2220 2205 2259 testantur.

365 2281 451 2324 Sed
471 2293 517 2322 ut
537 2280 643 2321 nihil
657 2292 894 2320 remaneret
908 2277 1052 2323 dubii,
1085 2290 1231 2317 aureus
1243 2289 1408 2330 quoque
1423 2274 1744 2329 nummusipfius
1760 2274 1926 2315 Claudii
1942 2274 1996 2313 est
2007 2274 2209 2314 adinven-

365 2349 458 2387 tus,
489 2336 559 2392 qui
576 2334 751 2377 exhibet
763 2333 815 2375 ab
830 2333 1060 2374 unolatere
1073 2331 1352 2386 Imperatoris
1366 2343 1490 2383 caput
1504 2344 1598 2370 cum
1622 2329 1778 2371 litteris
1800 2329 1885 2370 TI.
1927 2329 1965 2371 C
1984 2328 2021 2369 L
2041 2329 2077 2368 A
2095 2329 2134 2369 V
2152 2329 2206 2368 D.

369 2394 406 2434 C
422 2392 545 2435 AES
566 2394 602 2431 A
621 2390 662 2431 R
688 2392 726 2430 A
744 2391 851 2439 VffG.
879 2388 925 2430 P.
954 2388 1016 2428 Μ.
1044 2387 1085 2428 Τ
1103 2388 1155 2428 R.
1182 2386 1230 2428 P.
1255 2386 1382 2428 VIII.
1415 2386 1495 2426 [Μ
1513 2386 1559 2426 Ρ.
1584 2387 1628 2426 X
1646 2387 1683 2427 V
1699 2384 1733 2424 I.
1774 2384 1826 2425 ab
1846 2384 1984 2426 altero
2007 2383 2108 2424 verz>
2127 2383 2209 2422 Ar-

367 2461 463 2489 cum
479 2447 611 2501 ipsum
630 2478 641 2494 ,
674 2458 768 2486 cum
783 2443 953 2498 equestri
968 2441 1137 2483 Claudii
1151 2441 1296 2482 Statua
1311 2473 1323 2491 ,
1355 2442 1467 2481 inter
1481 2442 1693 2494 trophaea,
1728 2441 1770 2479 &
1794 2439 1931 2480 literis
1953 2440 1994 2481 D
2014 2438 2047 2479 E
2065 2438 2096 2478 B
2113 2438 2151 2478 R
2167 2437 2209 2476 1-

369 2502 413 2544 T
429 2505 465 2544 A
484 2505 522 2545 N
539 2503 580 2546 N
597 2503 614 2544 I
630 2502 669 2543 S.
719 2498 1014 2555 Inscriptionis
1044 2496 1172 2552 porro
1191 2495 1488 2552 fragmentum
1523 2495 1574 2537 fic
1609 2496 1798 2550 genuinae
1822 2494 2076 2535 restituimus
2098 2492 2208 2534 anti-

369 2558 538 2613 quitati.

2153 2949 2219 2987 Tr,
