2355 3335
568 114 892 164 LIBER
963 115 1370 163 PRIMUS.
1817 137 1876 185 43

56 196 358 254 propinquior?
381 193 429 235 Id
443 193 554 234 enim
570 193 729 235 indicat
743 195 991 246 Procopius.
1036 194 1314 248 Respondeo,
1339 208 1386 235 ex
1402 195 1598 250 Procopii
1616 198 1868 247 narratione,
1886 220 2064 259 rcliaomni„

54 254 208 295 nullam
231 264 395 303 portam
422 248 604 300 Templo
627 248 668 288 S.
691 249 803 289 Petri
828 247 943 289 fuisse
968 250 1140 290 Aurelia
1164 249 1525 302 propinquiorem.
1576 253 1616 292 Si
1631 267 1770 293 autem
1787 254 1871 295 haec
1887 275 2072 310 umvicinis-

55 307 107 346 ad
134 317 309 358 pontem
344 303 494 344 ffilium
514 329 527 348 ‚
571 305 613 343 δε
638 302 802 342 Molem
835 316 1042 352 ponatur;
1084 304 1162 343 alia
1187 305 1380 354 ponenda
1404 304 1503 344 estet
1528 306 1567 345 in
1591 307 1707 346 aditu
1732 309 2087 372 pontisfimcfflmplo

55 358 344 410 Triumphalis
359 387 369 404 ‚
412 363 479 406 (ut
500 358 642 408 ajunt:
676 356 744 395 sed
769 357 918 397 Petrus
932 356 1082 396 VicTtor
1104 359 1310 397 Vaticanum
1333 358 1551 403 nominat)
1587 373 1671 413 quae
1694 363 1870 401 vicinior
1889 371 2031 408 spem,

52 413 115 456 illi
143 412 318 454 Baiilicae
347 409 499 450 fuisset.
547 410 692 450 Murus
713 422 855 450 autem
871 409 892 449 a
909 410 1029 450 Mole
1042 411 1149 462 quali
1167 411 1384 452 brachium
1398 413 1450 451 ad
1464 426 1636 464 pontem
1652 415 1768 454 iilum
1781 428 1874 467 per-

52 467 213 511 tinens;
254 464 495 517 interposita
525 476 648 516 porta
682 463 998 514 patefaciendus
1023 478 1104 504 non
1131 478 1242 510 erat,
1284 478 1375 504 cum
1401 466 1537 519 ripam
1561 468 1740 520 undique
1763 471 1873 510 clau-

53 520 235 560 deretur.

106 574 174 613 Sic
189 586 287 624 ergo
302 571 416 612 bisin
433 571 559 616 locis,
585 572 730 611 saltem
745 583 835 611 aevo
846 570 1044 622 Procopii
1060 585 1276 612 murorum
1291 573 1498 614 ambitum
1513 576 1550 614 se
1566 575 1747 616 habuisse
1762 589 1872 619 reor.

55 627 352 678 Antiquifiima
373 626 535 665 moenia
561 626 582 665 ἐ
605 625 827 678 supercilio
854 626 1029 675 laniculi
1057 626 1108 665 ab
1131 629 1253 666 Anco
1279 628 1439 667 Martio
1455 630 1573 680 Rege
1588 629 1639 668 ad
1655 631 1871 679 Tiberim,

53 680 200 722 dextra
218 712 229 728 ‚
262 682 443 731 laevaque
467 679 662 730 perdueka
677 681 781 718 sunt.
825 678 993 720 Deinde
1006 679 1138 731 prope
1154 681 1455 732 Septimianam
1472 695 1635 733 portam
1651 684 1877 726 aedificatus

47 747 152 788 pons
167 767 177 782 ,
208 735 277 789 qui
302 733 325 774 ὲ
354 733 557 772 Pontifice
579 733 733 773 ultimo
755 733 977 772 conditore
992 735 1152 773 nuncX
1169 735 1205 775 Y
1220 735 1244 774 S
1264 736 1300 774 T
1318 735 1362 776 U
1377 736 1401 775 S
1416 736 1700 789 diciturplana
1719 740 1872 788 Urbis,

51 789 317 829 interfluente
341 787 534 831 flumine,
575 787 806 836 conjunxit.
858 787 928 826 Ab
950 800 1002 826 eo
1021 799 1152 839 ponte
1175 801 1313 827 murus
1342 790 1382 827 in
1406 790 1606 830 citeriore
1628 793 1715 844 ripa
1739 796 1875 833 versus
1890 792 2083 845 QQomodnse

51 856 225 894 pontem
255 841 578 892 Triumphalem
601 841 872 880 excurrebat:
917 842 1025 881 ultra
1047 855 1171 894 quem
1193 855 1316 894 porta
1342 844 1542 890 Aurelia;
1586 845 1638 886 eb
1655 848 1843 887 transsata
1861 879 1871 895 ‚
1886 843 2061 890 moem'aha-

47 910 142 937 cum
166 909 289 936 antea
311 894 381 934 sub
407 895 596 946 janiculo
619 891 769 934 fuiffet.
812 895 953 934 Moles
967 897 1067 936 vero
1083 897 1287 944 Adriani,
1319 896 1474 948 duplici
1492 898 1664 939 brachio
1678 893 2036 950 extenso,‘³5²’r‘'⁷¹²'‘2d

50 964 134 991 uno
157 950 329 1003 quidem
349 949 469 1002 ponti
498 948 678 989 Aureliae
701 960 832 1000 portae
856 949 1217 1000 conjungebatur:
1250 951 1429 990 alterum
1452 952 1666 993 laevorsum
1681 955 1728 993 ad
1745 956 1870 997 aliam
1886 946 2051 1001 ⁷¹P‘57'2T‘*

54 1017 267 1044 murorum
289 1016 453 1056 partem
478 1003 584 1043 ffilio
609 1003 728 1055 ponti
753 1003 1009 1042 commistam
1031 1003 1256 1056 dirigebat.
1308 1006 1410 1045 Haec
1433 1007 1593 1046 moenia
1605 1009 1663 1047 cis
1678 1007 1873 1052 Tiberini
1888 993 1979 1030 bem.

46 1058 150 1098 item
163 1057 307 1098 strusta
319 1059 410 1097 sunt
425 1088 436 1105 ‚
467 1057 518 1096 ab
533 1056 640 1098 AElio
652 1068 784 1109 ponte
797 1059 932 1097 versus
943 1070 1109 1110 portam
1126 1059 1396 1099 Flaminiam.
1441 1061 1508 1099 An
1524 1062 1607 1112 ejus
1618 1074 1748 1114 portae
1762 1078 1872 1105 moe-

45 1111 165 1152 nibus
189 1112 572 1162 conjungerentur,
606 1111 649 1149 &
680 1112 886 1162 Campum
909 1112 1112 1151 Martium
1139 1111 1161 1151 a
1182 1111 1354 1152 flumine
1377 1126 1581 1165 perpetuo
1604 1117 1867 1165 dividerent,

47 1165 120 1206 alii
136 1166 291 1205 certius
312 1166 555 1204 decernant.
588 1163 814 1204 Probabile
825 1164 993 1216 quidem
1010 1166 1090 1211 est,
1123 1179 1283 1205 murum
1299 1167 1468 1206 subinde
1485 1168 1664 1209 babuisse
1678 1184 1870 1213 arcuatos

47 1218 206 1264 aditus3
235 1233 277 1258 ut
293 1218 691 1268 Romanajuventus
704 1217 790 1269 post
801 1231 1012 1258 armorum
1027 1220 1377 1260 exercitationem
1392 1220 1520 1273 poffet
1536 1221 1557 1262 ἐ
1573 1225 1737 1276 Campo
1754 1227 1869 1266 Mar-
1914 1245 1917 1247 ·

47 1272 109 1312 tio
130 1274 172 1312 in
196 1272 388 1313 Tiberim
405 1302 416 1318 ‚
460 1283 645 1312 natatum
662 1301 672 1318 ‚
703 1272 971 1324 lavatumque
993 1274 1258 1314 descendere.
1313 1274 1383 1314 Sic
1404 1287 1544 1314 autem
1568 1277 1802 1319 constitutis
1823 1280 1866 1320 in

44 1327 241 1366 citeriore
266 1326 377 1366 fluvii
399 1325 508 1375 Ripa
522 1324 735 1366 moenibus
750 1325 1128 1379 clare-intelligitur
1140 1329 1250 1380 quod
1266 1328 1307 1367 in
1325 1328 1586 1381 Panegyrico
1598 1330 1648 1373 ad
1665 1332 1867 1375 Constan-

47 1381 180 1420 tinum
190 1383 251 1422 ait
264 1379 407 1422 affatus
424 1379 618 1420 Tiberim
633 1379 795 1421 Orator
813 1394 823 1421 :
855 1384 915 1420 Tu
932 1385 1083 1420 munitor
1104 1380 1264 1422 maenibus
1283 1381 1485 1422 ambiendis.
1861 1412 1863 1415 .

713 1547 756 1594 C
790 1563 822 1594 A
855 1565 894 1595 P.
968 1549 1194 1596 XVIII.

79 1666 297 1731 Qomodo
314 1667 435 1712 Gothi
451 1705 462 1722 ,
499 1672 549 1717 ej*
565 1670 641 1712 alii
656 1706 665 1723 ,
693 1673 769 1729 qui
782 1667 941 1714 vrbem
956 1684 1140 1733 ceperunt
1153 1709 1164 1725 ,
1193 1675 1344 1716 moenia
1357 1709 1367 1725 ‚
1393 1670 1603 1735 domosbsne
1617 1674 1829 1722 camerini.

148 1859 196 1898 fic
219 1872 410 1910 magnum
435 1860 509 1898 soli
534 1860 707 1911 spatium
730 1860 942 1900 moenibus
965 1875 1090 1901 antea
1117 1862 1352 1903 conclusum
1376 1865 1602 1911 abstulffie,
1635 1869 1863 1911 multorum

147 1914 294 1965 opinio
309 1913 406 1952 fert.
452 1913 683 1966 Quomodo
697 1914 825 1962 enim,
850 1914 965 1964 ajunt
979 1946 992 1963 ‚
1015 1915 1101 1955 fieri
1116 1917 1279 1969 pontit,
1311 1930 1356 1956 ut
1372 1918 1573 1959 diuturno
1586 1923 1863 1975 temporisin-

41 1967 245 2014 tei-vallo,
276 1966 386 2019 quod
408 1967 459 2006 ab
486 1968 715 2007 Aureliano
735 1967 787 2008 ad
815 1968 1083 2020 justinianum
1109 1972 1232 2024 usque
1252 1971 1424 2011 defluxit
1439 1996 1452 2013 2
1484 1974 1622 2014 Roma
1644 1978 1861 2018 abexteris

39 2021 264 2074 aliquoties
300 2034 529 2072 expugnata
554 2045 566 2062 ,
605 2034 729 2073 atquc
754 2022 941 2074 direpm,
975 2024 1101 2063 muris
1130 2037 1338 2077 nunquam
1365 2026 1626 2077 disturbatis,
1668 2031 1862 2075 eamdem

40 2074 246 2122 formam,
280 2076 321 2113 &
347 2075 668 2127 amplitudinem
694 2076 946 2116 retinuerit?
990 2079 1161 2130 Itaque,
1195 2079 1265 2119 etii
1281 2079 1499 2120 Belisarius
1517 2083 1683 2124 Urbem
1709 2085 1880 2128 iustam,

37 2131 171 2173 ravit,
211 2128 420 2168 bellorum
442 2129 641 2169 incendio
663 2141 762 2169 ante
785 2130 1064 2180 diminutam,
1096 2134 1306 2173 minorem
1334 2136 1700 2188 tamenreddidit,
1731 2139 1860 2193 quam

39 2182 255 2222 florentem
272 2183 376 2221 olim
391 2184 570 2223 Caesares
584 2183 739 2224 fecere.

96 2235 326 2276 Succeffum
348 2237 624 2290 ordinemque
644 2250 884 2287 temporum
909 2239 994 2278 haec
1021 2240 1187 2292 quoestio
1207 2241 1390 2281 involvit
1406 2274 1415 2290 ,
1457 2257 1578 2291 ouem
1603 2247 1741 2298 paucis
1763 2261 1857 2299 per-

37 2289 239 2343 stringam.
291 2293 512 2330 Annorum
538 2304 637 2343 ergo
651 2292 826 2343 spatium
841 2293 1076 2344 quodinter
1096 2296 1369 2336 Aurelianum
1383 2327 1393 2344 ,
1428 2292 1761 2351 Sz‘Jtistinianum
1776 2303 1857 2354 pri-

40 2357 111 2384 mo
141 2347 409 2395 inauguratos
441 2344 654 2398 Principes
684 2345 935 2396 interceffit,
977 2346 1058 2387 fuit
1079 2348 1353 2390 ducentorum
1378 2352 1646 2405 quiquaginta
1669 2356 1852 2406 septem,

35 2412 118 2451 quo
141 2411 332 2450 tempore
357 2398 487 2441 Urbis
510 2400 670 2440 moenia
686 2399 927 2441 &suolocm
956 2401 1136 2454 statuque
1151 2417 1362 2443 motaiion
1379 2409 1480 2446 sunt.
1537 2410 1645 2447 Nam
1666 2409 1855 2450 Urbsin-

33 2465 151 2505 tegra
174 2455 296 2505 usque
318 2452 367 2492 ad
393 2453 631 2493 Honorium
654 2453 892 2506 Principem
910 2485 920 2502 ‚
953 2456 1148 2509 novisque
1172 2459 1454 2511 semperauCta
1466 2464 1751 2512 ornamentis,
1784 2464 1853 2503 de-

35 2520 148 2546 mum
193 2518 422 2559 expugnata
462 2507 515 2546 est
555 2508 605 2547 ab
646 2508 821 2547 Alarico
862 2510 1101 2551 Gothorum
1150 2512 1268 2565 Rege
1308 2527 1418 2552 anno
1455 2514 1636 2563 eiusdem
1669 2517 1851 2559 conditae

33 2561 80 2602 M
97 2562 130 2600 C
146 2561 235 2601 LX
252 2563 270 2602 1
286 2562 337 2602 V.
370 2561 435 2600 sed
460 2562 624 2601 Gothus
646 2563 806 2611 majore
829 2563 1065 2614 ignominia
1079 2597 1087 2613 ‚
1119 2564 1243 2618 quam
1267 2567 1424 2607 damno
1440 2568 1606 2609 Urbem
1620 2571 1852 2624 depopula-

35 2628 123 2664 tus,
155 2629 283 2666 pauca
309 2613 479 2654 aedificia
503 2614 722 2664 incendit,
753 2617 1298 2673 murosintaCiosreliquit‚
1333 2635 1413 2661 non
1429 2624 1558 2663 multa
1572 2625 1733 2664 onustus
1748 2640 1850 2677 prae-

31 2669 105 2715 da,
139 2669 366 2709 Placidiam
389 2668 596 2708 abducens
618 2671 758 2721 paucis
770 2671 856 2721 post
869 2671 1015 2712 diebus
1028 2673 1236 2726 profecius
1251 2676 1321 2716 est.
1375 2678 1626 2729 Haecpaffim
1643 2679 1846 2722 auctores,

30 2724 260 2777 Interquos
274 2722 594 2764 Coffiodorusin
613 2723 857 2764 Chronico:
889 2729 1023 2774 Rima,
1055 2728 1192 2782 inquit
1208 2760 1219 2778 ‚
1250 2729 1400 2769 AGothi's
1412 2731 1763 2786 AlaricoDucecapta
1775 2734 1847 2786 est,

29 2777 91 2818 ubi
108 2778 288 2817 clementer
309 2776 357 2826 ufi
376 2778 626 2830 vicioriasunt.
673 2778 852 2818 Mortuo
876 2781 1052 2820 Alarico
1066 2813 1078 2831 ‚
1112 2783 1302 2824 redivere
1324 2785 1456 2824 Gothi
1481 2786 1531 2824 ad
1545 2786 1734 2826 eamdem
1747 2788 1850 2828 diri-

27 2830 457 2886 piendamAtaulpho
471 2831 611 2886 Rege,
643 2831 1153 2930 sedmanusagaedificiis‚
1185 2838 1764 2884 acmoenibusabstinuerunt.

38 2912 42 2914 >
967 2901 990 2929 2
1695 2897 1850 2938 Tertio

40 1805 131 1935 F
152 1805 394 1858 Requentes
416 1804 554 1845 clades
577 1803 600 1845 ὲ
628 1805 821 1846 Barbaris
846 1806 957 1848 Urbi
981 1807 1120 1848 illatas
1143 1809 1495 1862 quemadmodum
1520 1824 1621 1863 opes
1641 1827 1688 1853 ac
1706 1814 1860 1857 Cives:
