2355 3335
573 88 898 168 LIBER
969 117 1378 166 PRIMUS.
1819 134 1875 182 41

435 203 514 241 Stat
522 200 589 253 fi’d
600 202 713 252 juxta
735 199 838 238 aliud
856 199 948 252 quod
962 209 1063 237 tanea
1075 199 1283 251 frequentia
1293 197 1478 250 Templum

429 260 529 295 Tunc
539 254 642 294 adeat
651 278 663 295 2
695 253 790 291 cultu
800 252 912 291 nobile
920 255 991 304 regi
989 253 1066 301 fico.

105 310 154 353 Id
171 311 235 352 vel
251 309 290 352 S.
311 308 530 350 Laurentii
547 307 775 359 Templum
786 306 839 346 est
852 337 866 356 ,
899 307 965 348 vel
980 307 1019 346 S.
1035 305 1293 359 Hippolyti,
1325 303 1435 358 quod
1450 316 1532 344 non
1545 302 1669 356 longe
1683 302 1874 356 distabat,

51 365 269 405 referente
288 363 415 404 Card.
430 362 630 403 Baronio.

99 419 225 459 Nihil
247 418 307 458 ita
327 429 489 457 certum
511 416 718 455 affirmare
744 413 900 466 pofl'um
927 413 979 452 de
1001 427 1049 453 ea
1074 414 1283 454 moenium
1297 425 1442 466 parte,
1473 425 1560 464 quae
1575 411 1693 451 estad
1708 425 1875 463 portam

41 473 254 516 Naeviam,
281 484 386 510 nunc
400 470 625 520 Majorem.
661 469 828 508 Tamen
843 480 919 520 pro
934 481 1181 517 argumento
1194 467 1239 507 fit
1254 465 1644 519 pet-vetusquaedam
1661 466 1763 506 aedes
1779 480 1878 515 pro-

40 539 92 578 pe
116 526 275 566 SanCtae
301 525 449 564 Crucis
470 523 693 574 Templum
711 551 721 568 ,
753 534 839 573 quae
862 521 911 560 ab
939 521 1202 572 Antiquariis
1219 521 1399 562 Veneris
1417 551 1429 568 ,
1462 523 1504 560 δε
1523 519 1773 571 Cupidinis:
1809 534 1877 560 ea-

38 579 223 632 demque
247 578 268 618 a
293 578 421 618 Petro
445 577 624 617 Victore
647 589 727 614 non
751 576 875 626 longe
902 574 921 613 a
949 587 1070 625 porta
1094 575 1240 616 Naevia
1266 574 1382 614 fuiffe
1402 574 1574 613 dicitur.
1626 573 1681 613 Et
1702 572 1871 614 fortein

39 632 120 673 hoc
154 633 429 685 Esquiliarum
453 631 605 683 angulo
626 627 781 682 aliquid
804 641 1012 668 mutatum
1037 628 1115 677 est,
1158 641 1202 667 ut
1226 629 1573 680 Amphiteatrum
1595 626 1807 668 incideret
1829 629 1872 668 in

40 700 128 727 moe
141 688 222 727 nia.
559 737 568 744 ⁵
1409 735 1417 741 ,
1784 734 1792 740 .
1886 708 1919 743 In
1932 712 2053 747 <Aitna

99 741 191 793 Jam
206 739 258 780 ad
273 751 436 792 portam
453 738 817 778 Coehmontanam
834 749 940 775 nunc
958 734 1284 784 Lateranensem
1299 749 1391 776 cum
1407 735 1494 788 1pso
1509 747 1655 775 monte
1670 747 1868 775 termina·
1883 758 1925 792 ad
1946 739 2080 795 Mars·

39 807 130 835 tam
147 794 314 836 Urbem
327 792 420 833 situs
434 792 518 845 ipse
530 791 614 832 loci
627 789 881 830 demonstrat
898 806 909 835 3
942 789 1152 830 defluebat
1169 790 1283 830 enim
1298 790 1340 829 in
1354 789 1541 843 abruptis
1553 789 1790 834 montibus,
1824 802 1867 830 ut
1883 807 1939 844 rol.
1959 808 2007 844 die
2022 774 2080 859 1²}-

45 849 104 888 ait
121 848 294 889 Plinius.
1883 859 2047 910 tAugusti,

92 902 262 942 Portam
289 900 483 941 Latinam
504 898 549 938 in
570 897 720 938 eodem
743 897 844 938 stare
866 896 1036 948 vestigio
1051 898 1091 939 S.
1112 897 1283 950 Joannis
1298 896 1494 938 aedicula,
1523 897 1649 950 vulgo
1662 909 1758 937 ante
1774 910 1869 950 por-

43 968 128 997 tam
153 955 348 996 Latinam
374 954 570 999 testatum
602 966 697 992 nam
717 952 877 992 ibidem
891 952 933 991 in
947 951 1032 992 olei
1046 951 1248 992 ferventis
1263 951 1425 991 dolium
1440 949 1630 991 demissus
1643 952 1696 991 est
1713 951 1868 993 Domi-

43 1010 161 1050 tiano
175 1009 385 1061 Principe.

92 1063 210 1105 Idem
234 1062 285 1102 de
311 1075 433 1114 porta
455 1062 623 1113 Capena
640 1091 650 1107 ‚
683 1073 790 1100 nunc
815 1060 854 1099 S.
870 1058 1090 1100 Sebastiani
1106 1059 1322 1112 colligitur
1335 1072 1382 1099 ex
1398 1058 1569 1111 eoquod
1585 1059 1625 1099 S.
1641 1059 1875 1111 Gregorius

41 1129 349 1158 commemorat
377 1115 504 1164 Epist.
525 1126 593 1166 30.
622 1114 695 1157 ljb.
715 1125 753 1165 3.
803 1116 857 1152 De
883 1111 1075 1166 corporibus
1096 1127 1201 1154 vero,
1229 1113 1393 1166 inquit,
1426 1112 1610 1152 Beatorum
1636 1113 1868 1165 Apostolorum

46 1169 134 1224 quid
153 1184 209 1223 ego
228 1170 378 1208 citamus
389 1166 496 1219 fian}
534 1168 618 1206 dum
642 1167 796 1217 constat,
826 1165 918 1219 quod
936 1181 971 1205 eo
993 1176 1139 1217 tempore
1152 1190 1166 1207 ‚
1204 1179 1269 1220 quo
1286 1168 1375 1219 paffi
1385 1166 1470 1217 sunt
1483 1190 1495 1207 ‚
1523 1180 1569 1204 ex
1588 1169 1728 1205 Oriente
1750 1166 1867 1216 fideles

45 1235 234 1264 venerunt,
264 1225 325 1276 qui
347 1235 461 1262 eorum
482 1231 617 1273 corpora
634 1220 738 1270 sicuti
758 1222 893 1258 civium
906 1219 1050 1270 sitorum
1071 1230 1267 1271 repeterent.
1319 1222 1402 1274 Qaeae
1412 1220 1511 1258 dubia
1520 1218 1680 1272 usquead
1677 1218 1868 1270 secundum

41 1278 152 1318 Urbis
172 1276 375 1315 milliarium
391 1275 495 1327 usque
516 1273 564 1312 ad
580 1274 716 1315 locum,
744 1276 806 1328 qui
825 1272 952 1312 dicitur
973 1271 1022 1310 ad
1038 1272 1266 1312 Catacumbas
1285 1275 1441 1313 collocata
1451 1272 1546 1323 fimt-
1595 1273 1781 1313 Videant
1796 1275 1865 1328 qui

42 1344 130 1372 aevo
154 1330 339 1372 Neronis
359 1330 507 1369 volunt
533 1328 783 1379 ampliorem
810 1327 1006 1369 Urbem:
1051 1329 1092 1367 &
1115 1327 1202 1379 post
1224 1328 1342 1367 illum
1368 1328 1497 1367 etiam
1520 1326 1786 1380 producunt3
1816 1341 1866 1367 an

42 1387 156 1426 locus
187 1385 261 1424 ille
296 1384 347 1425 ad
381 1382 688 1431 Catacumbas,
728 1381 944 1433 adjunctus
967 1381 1152 1433 Templo
1175 1382 1216 1423 S.
1237 1380 1489 1426 Sebastiani,
1532 1394 1640 1421 nunc
1661 1382 1792 1434 magis
1814 1381 1866 1422 ab

43 1438 164 1481 Urbe
179 1438 314 1479 distet.

96 1492 287 1533 Tandem
302 1502 425 1545 porta
438 1489 686 1544 Trigemina
701 1503 807 1530 nunc
821 1489 862 1530 S.
880 1490 1022 1538 Pauli,
1052 1502 1099 1529 ex
1112 1501 1188 1541 qua
1203 1488 1341 1530 brevis
1354 1488 1406 1529 est
1420 1489 1471 1529 ad
1488 1489 1681 1529 Tiberim
1697 1488 1863 1539 tractus,

41 1560 91 1586 ne
113 1546 288 1586 multum
310 1544 440 1586 abefl'e
457 1544 480 1584 a
496 1544 630 1583 veteri
654 1545 751 1584 loco
772 1543 967 1584 credatur
981 1575 992 1591 ,
1023 1543 1185 1582 indicio
1207 1543 1259 1583 est
1279 1544 1505 1594 Templum
1521 1544 1560 1583 S.
1580 1543 1693 1582 Pauli
1712 1543 1732 1582 ἐι
1750 1545 1866 1582 Con-

37 1600 219 1641 stantino
233 1601 415 1639 erectum
430 1631 440 1646 ‚
472 1599 522 1638 ab
537 1598 630 1637 aliis
641 1597 793 1638 deinde
813 1597 999 1651 Augustis
1010 1596 1327 1649 amplificatum.
1372 1600 1437 1638 De
1451 1610 1533 1651 quo
1546 1598 1597 1637 fic
1615 1597 1860 1650 Procopius:
1876 1596 1947 1633 Lib.
1965 1614 1994 1635 2.
2011 1599 2046 1635 ’.ἴε

37 1658 152 1693 Extat
174 1654 359 1708 Templum
382 1655 418 1691 S.
429 1653 533 1690 Pauli
550 1653 717 1698 &imanis
732 1652 849 1704 procul
866 1653 888 1689 ἁ
909 1650 1075 1690 maem‘bus
1087 1650 1218 1702 stadiis
1236 1650 1351 1690 decem
1368 1682 1378 1698 ,
1418 1650 1459 1690 dr
1481 1663 1625 1704 quatuor
1654 1650 1670 1703 (
1686 1651 1727 1690 id
1751 1651 1805 1691 est
1819 1665 1863 1692 ut
1880 1649 1958 1684 Bello
1970 1652 2039 1685 GO-

39 1710 157 1758 supra
171 1708 222 1746 de
236 1719 364 1758 ponte
380 1706 535 1746 Milvio
549 1705 741 1745 dicebam
755 1733 767 1751 ‚
801 1706 971 1758 passibus
984 1705 1102 1745 mille
1117 1705 1727 1757 septingentisquinquaginta)
1750 1706 1861 1757 juxta
1877 1698 1968 1736 thim,

39 1760 130 1815 quod
148 1760 284 1801 Tiberis
300 1759 410 1810 fluit,
434 1758 500 1798 ubi
516 1759 643 1798 nullum
658 1770 758 1812 patet
776 1762 952 1797 munitum
965 1759 1025 1810 effi:
1040 1758 1244 1812 praefidium.
1280 1761 1436 1798 Porticus
1461 1771 1575 1797 tamen
1585 1759 1699 1797 eodem
1708 1758 1753 1797 ab
1766 1760 1863 1799 Urbe
1878 1751 2034 1809 DWPI'W‘
2055 1792 2059 1796 .

33 1818 230 1868 pertinens,
257 1816 417 1866 circaque
429 1812 470 1852 df
482 1812 629 1861 aedificia
642 1813 714 1851 alia
734 1813 894 1865 pleraque
914 1826 978 1850 non
990 1811 1083 1862 stms
1094 1811 1143 1851 ad
1157 1811 1392 1852 invadendum
1411 1823 1632 1867 opportunum
1650 1813 1862 1851 locmnhunc
1879 1802 1912 1837 *ς-
1925 1803 2046 1838 Pania,

36 1867 195 1907 reddum.
242 1868 469 1918 Templum
500 1879 599 1919 ergo
623 1866 726 1905 illud
753 1866 1092 1918 religiofiffimum
1117 1897 1127 1913 ,
1170 1868 1209 1904 &
1237 1867 1465 1906 maximum
1489 1881 1582 1906 cum
1606 1880 1726 1906 aetate
1752 1868 1865 1907 Beli-

36 1922 157 1970 sarii,
191 1924 234 1962 &
252 1921 463 1974 Justiniani
486 1918 710 1965 abessetfab
728 1919 851 1961 Urbe
873 1920 1070 1960 milliaria
1091 1919 1174 1958 duo
1192 1950 1203 1966 ,
1237 1920 1373 1960 minus
1388 1921 1864 1974 ducentisquiquaginta

37 1976 210 2029 paffibus
226 2006 237 2023 ‚
269 1973 529 2015 tantumdem
541 1975 622 2013 hoc
635 1987 724 2014 aevo
734 1987 804 2014 aut
816 1974 987 2013 circiter
1000 1973 1144 2013 distare
1158 1973 1179 2013 a
1197 1974 1402 2014 Romanis
1415 1975 1626 2015 moenibus
1639 1988 1680 2014 re
1689 1974 1751 2015 Ste-
1767 1976 1864 2016 aesti-

41 2031 144 2070 mati
161 2029 383 2068 videbitur.

96 2084 316 2136 Supersunt
341 2080 650 2122 Transtiberina
674 2080 860 2129 moenia,
892 2095 979 2134 quae
1002 2081 1207 2130 immota,
1240 2095 1317 2122 nec
1341 2082 1468 2134 magis
1489 2082 1651 2133 angusta
1673 2084 1755 2123 hoc
1777 2096 1866 2124 aevo

40 2140 131 2178 sunt
147 2168 159 2186 ,
199 2136 324 2190 quam
345 2136 447 2176 olim
468 2135 652 2177 fuerunt.
706 2136 817 2176 Nam
840 2147 971 2188 portae
999 2135 1234 2175 Portuenfis
1258 2135 1453 2176 structura
1478 2150 1569 2176 cum
1590 2138 1865 2190 inscriptione

42 2191 245 2239 Arcadii,
278 2191 319 2229 δε
348 2189 529 2231 Honorii
555 2189 795 2240 Principum
820 2189 954 2229 adhuc
966 2189 1119 2230 visitur.
1176 2189 1343 2230 Deinde
1358 2192 1437 2242 qua
1454 2204 1589 2230 murus
1603 2204 1676 2243 per
1691 2192 1864 2232 acclivi-

39 2258 172 2286 tatem
198 2244 374 2299 Janiculi
397 2244 446 2282 ad
471 2256 635 2296 portam
652 2243 693 2283 S.
712 2242 922 2282 Pancratii
940 2274 951 2291 ‚
986 2246 1027 2284 &
1052 2242 1193 2294 jugum
1207 2244 1328 2283 collis
1343 2245 1485 2284 evadit
1502 2276 1512 2291 ‚
1544 2245 1724 2298 indeque
1738 2245 1861 2286 flexus

37 2298 89 2339 ad
109 2312 275 2352 portam
299 2297 599 2350 Septimianam
615 2327 627 2345 ‚
661 2296 940 2350 Tiberimque
961 2296 1177 2337 descendit
1193 2329 1206 2347 ,
1238 2297 1405 2337 eosdem
1433 2298 1587 2338 habere
1602 2298 1702 2339 fines
1717 2299 1862 2340 dicen-

40 2352 111 2392 dus
125 2354 299 2393 omnino
312 2351 365 2391 est
379 2383 390 2400 ‚
419 2363 522 2404 quos
534 2351 596 2390 illi
612 2351 703 2391 Rex
714 2350 820 2391 olim
835 2351 1186 2404 Ancusimposuit
1199 2382 1213 2401 ,
1244 2366 1288 2392 ut
1302 2365 1350 2392 ex
1363 2352 1492 2393 Livio
1505 2383 1518 2401 ,
1552 2353 1755 2406 Dionysio
1769 2385 1781 2403 ‚
1815 2354 1859 2392 δε

42 2407 253 2460 Procopio
267 2405 412 2445 inferri
427 2405 573 2459 potest.

93 2463 140 2502 In
155 2475 202 2501 ea
217 2460 316 2500 vero
335 2459 512 2510 Janiculi
526 2470 669 2512 parte,
702 2459 892 2499 conclusa
907 2459 1118 2501 moenibus
1133 2492 1146 2510 ‚
1178 2459 1294 2502 fuisse
1311 2461 1443 2501 molas
1455 2474 1601 2500 omnes
1619 2461 1668 2501 ab
1682 2461 1862 2513 antiquis
1874 2470 1946 2508 Lib·
1965 2474 2042 2509 mie

41 2514 246 2555 Romanis
269 2514 498 2554 collocatas
521 2513 694 2553 testatur
715 2513 964 2566 Procopius,
994 2528 1100 2568 aqua
1122 2515 1326 2567 praecipiti
1341 2515 1451 2568 lapsu
1468 2514 1488 2554 ἐ
1505 2516 1726 2567 supercilio
1740 2516 1860 2555 collis
1874 2522 1955 2557 Bello
1967 2526 2035 2559 Go-

39 2568 240 2610 struc'tiles
262 2581 335 2621 per
356 2568 519 2607 canales
541 2566 732 2617 subjeffis
758 2568 961 2608 machinis
985 2570 1207 2609 movendis
1228 2568 1458 2609 illabente:
1506 2572 1566 2610 At
1591 2582 1738 2609 contra
1752 2569 1858 2609 muri
1872 2571 1966 2610 thico,

41 2635 224 2662 extrema
242 2653 253 2670 ‚
276 2622 344 2675 qui
360 2622 490 2673 ripam
507 2621 676 2661 Tiberis
687 2633 819 2674 prope
835 2621 1139 2672 Septimianam
1154 2636 1339 2676 portam,
1366 2624 1406 2663 in
1423 2624 1570 2664 Hortis
1584 2637 1688 2662 nunc
1704 2624 1858 2663 Farne-
1873 2624 1974 2659 Mo&
1994 2623 2047 2658 ubi

38 2676 153 2717 fianis
169 2708 180 2725 ,
213 2676 481 2725 attingebat:
513 2676 553 2714 in
570 2675 658 2727 ripa
672 2675 873 2715 citeriore
886 2675 994 2715 alter
1007 2690 1146 2717 murus
1157 2677 1594 2730 incipienssecundum
1607 2677 1775 2716 fluvium
1789 2676 1860 2716 de·
1874 2674 1982 2721 Romae
1995 2674 2067 2724 fise¹

39 2730 268 2770 ducebatur
290 2729 341 2769 ad
365 2741 539 2781 pontem
560 2728 745 2777 ffilium,
780 2742 956 2783 eumque
983 2730 1283 2784 praetergress'us
1298 2762 1309 2779 ,
1342 2745 1464 2771 muro
1480 2732 1646 2771 demum
1662 2726 1941 2770 commit-’'¹³¹²-

36 2784 204 2824 tebatur
217 2811 230 2830 ,
261 2784 329 2838 qui
355 2783 608 2823 descendens
626 2784 647 2822 ἐ
662 2784 773 2823 colle
797 2783 944 2824 Pincio
956 2797 1088 2838 prope
1102 2798 1271 2838 portam
1288 2786 1539 2826 Flaminiam
1552 2784 1794 2838 pertinebat
1809 2785 1862 2826 ad

37 2837 250 2881 Tiberim.
306 2838 440 2880 Porro
463 2837 537 2878 illa
561 2838 722 2878 moenia
736 2836 795 2879 cis
806 2837 1196 2934 flumegsecuncium
1210 2840 1341 2894 ripam
1355 2841 1535 2882 eXtruCta
1547 2851 1670 2893 porta
1685 2840 1861 2934 Augen?

1753 2911 1767 2934 ι
1782 2906 1861 2936 ινι-
