2251 3283
0 549 9 671 l

4 677 8 802 ξ

463 81 787 132 LIBER
857 82 1432 132 SECUNDUS.
1793 98 1876 151 143

725 277 769 323 C
802 294 834 325 A
867 294 907 325 P.
979 279 1202 325 XXIII.

789 405 938 445 Forum
965 403 1128 446 Nerva.

150 538 285 579 Orum
301 539 449 579 Nerva:
460 535 547 590 post
560 535 710 577 Forum
730 536 900 590 Augusti
917 568 928 586 ,
962 540 1005 580 &
1022 537 1259 578 remotiusa
1273 537 1382 578 Foro
1399 537 1598 578 Romano
1611 534 1704 577 fuit.
1751 537 1873 590 Quae·
1895 556 2003 591 Forum

152 591 246 633 dam
269 592 403 632 adhuc
428 592 599 644 vestigia
620 591 661 631 in
686 591 753 632 via
778 591 944 646 publica
965 592 1048 645 ejus
1072 593 1165 632 Fori
1189 590 1387 645 'superesse
1418 591 1636 644 probabile
1661 591 1729 631 est.
1773 592 1874 632 Haec
1893 606 2071 642 Mamm&

160 646 245 687 duae
278 648 370 686 sunt
401 647 605 686 columnae
633 646 843 700 insculpto
864 660 1103 687 marmoreo
1127 647 1275 700 parieti
1301 647 1459 700 egregii
1484 646 1624 699 operis
1645 644 1993 706 adju¹1stae3fhcrzt.

47 700 282 754 eodemque
312 700 354 740 in
387 700 485 740 loco
519 699 800 753 superioribus
829 701 949 741 annis
983 701 1202 741 Columnae
1225 701 1409 749 majores
1443 700 1638 754 imposito
1665 699 1874 750 epistilio,

47 755 297 807 fastigioque·
312 754 536 801 extabant3
569 753 736 806 adjee'to
751 754 905 796 titulo:
942 757 961 796 Ῑ
979 756 1025 795 Μ
1042 755 1087 795 Ρ.
1131 757 1173 797 Ν
1191 755 1225 795 Ε
1240 756 1279 796 R
1295 757 1333 796 V
1351 757 1389 795 A
1423 756 1458 795 C
1475 754 1555 796 ΑΕ
1575 755 1599 795 S
1620 756 1653 794 A
1672 754 1726 794 R.

101 813 201 863 Quae
221 809 491 857 deformatae‚
522 823 570 850 ac
595 822 722 861 poene
747 812 922 849 corrosae
948 809 1081 850 Paulo
1107 811 1163 850 V.
1192 810 1319 850 Pont.
1343 809 1457 850 Max.
1484 807 1654 860 dejestae
1677 806 1877 863 se&aeque

47 864 137 905 sunt
157 864 198 904 in
222 863 383 903 tabulas
409 875 665 904 marmoreas
688 862 739 905 ad
767 863 1047 916 Janicularem
1073 865 1202 916 Aquae
1221 863 1488 904 Bracchianae
1506 863 1670 903 fontem
1685 875 1879 902 extruen-

45 918 141 968 dum
157 948 170 967 ,
211 918 255 957 δε
280 917 578 959 exornandum.
635 917 765 958 Porro
791 918 1013 958 Suetonius
1034 917 1085 957 de
1110 920 1222 960 Foro
1246 920 1424 959 Nervae:
1466 920 1684 959 Excitavit,
1711 917 1872 970 inquit,
1891 923 1924 958 In
1944 925 2009 960 vita
2020 927 2089 961 Do-

45 974 171 1012 Forum
195 972 465 1014 Domitianus
489 971 581 1026 quod
598 985 687 1011 mmc
712 976 841 1011 Nervae
858 983 1014 1012 vocatur.
1054 973 1209 1013 Occiso
1224 973 1336 1013 enim
1352 972 1503 1012 eodem
1519 999 1532 1018 ,
1564 984 1788 1025 antequam
1803 971 1874 1011 ab·
1889 976 1996 1012 minc.
2018 989 2048 1025 5.

46 1026 250 1072 solveret,
297 1026 576 1072 Domitiano,
619 1028 762 1067 Nerva
784 1024 981 1066 successor
1004 1026 1188 1079 perfecit
1214 1041 1262 1067 ac
1286 1026 1528 1072 dedicavit3
1562 1025 1802 1079 dierumque*
1821 1025 1873 1065 est
1890 1028 2000 1061 Forum

49 1080 349 1120 Transitorium
368 1111 379 1129 ‚
412 1093 493 1119 non
508 1082 603 1134 quia
617 1081 805 1134 perillud
824 1080 866 1120 in
880 1080 960 1120 alia
977 1081 1085 1121 Fora
1099 1082 1266 1133 viasque
1280 1080 1520 1133 opportune
1536 1080 1773 1120 transiretur
1788 1111 1798 1128 ,
1830 1092 1874 1119 ut
1893 1078 2009 1112 Neruo
2020 1089 2074 1112 cur

1 1150 3 1171 ;
46 1133 277 1175 Marlianus
293 1138 334 1176 &
349 1134 421 1174 alii
441 1147 615 1187 putant5
641 1134 691 1175 sic
706 1136 819 1175 enim
835 1136 875 1174 ἃ
895 1136 1050 1176 Forum
1068 1135 1265 1188 Augusti,
1292 1136 1333 1174 δέ
1350 1136 1531 1183 Caesaris,
1557 1135 1600 1172 &
1615 1135 1696 1174 alia
1712 1134 1876 1175 Tranfi-
1893 1127 2046 1184 Transito-

0 1203 1 1206 *
47 1187 156 1228 toria
173 1188 450 1237 dicerentur,
493 1203 587 1229 nam
614 1192 658 1231 &
682 1189 734 1229 ab
758 1188 822 1229 his
842 1188 1032 1229 transitus
1056 1202 1171 1230 erat:
1204 1189 1273 1229 sed
1294 1189 1414 1242 quia,
1448 1202 1489 1229 ut
1512 1187 1617 1229 alias
1638 1187 1748 1236 dixi,
1784 1188 1878 1241 Jani
1895 1190 1989 1214 '‘W'‘-

0 1265 1 1271 =
48 1242 276 1296 Templum
289 1242 463 1283 haberet
478 1275 490 1291 ,
521 1244 583 1283 cui
598 1255 780 1297 quatuor
796 1244 961 1284 inerant
975 1256 1103 1295 portae
1118 1275 1130 1292 ,
1163 1244 1241 1284 five
1255 1256 1387 1285 arcus,
1435 1243 1530 1295 Jani
1542 1255 1682 1284 autem
1697 1244 1876 1295 ejusmo-

0 1295 1 1346 s
44 1295 88 1336 di
120 1297 388 1349 quadrilateri
422 1297 685 1337 transitiones
706 1297 979 1346 dicebantur,
1019 1298 1131 1350 quod
1155 1299 1316 1350 semper
1339 1296 1648 1338 transeuntibus
1670 1308 1878 1350 paterent.

46 1352 158 1392 Nam
184 1353 326 1393 Nerva
352 1352 498 1404 Janum
512 1351 851 1404 quadrifrontem
865 1365 914 1394 ex
927 1351 1144 1393 humiliori
1160 1352 1337 1393 delubro
1349 1352 1517 1393 suumin
1534 1353 1691 1393 Forum
1705 1351 1877 1392 transtu-

48 1404 113 1446 lit.
157 1405 397 1448 Martialis:
979 1407 982 1409 ’
1891 1400 1966 1438 1²7³·
1985 1415 2045 1439 10·

497 1460 642 1500 Publica
663 1471 763 1514 quem
779 1462 932 1514 primum
954 1470 1037 1499 vota
1055 1460 1232 1515 precesque
1255 1471 1404 1501 canunt.
1894 1454 1984 1502 131³th-
2002 1460 2062 1490 2⁸·

442 1517 592 1554 Pervius
613 1517 756 1569 exiguos
772 1513 953 1554 habitabas
967 1525 1047 1554 ante
1068 1518 1213 1555 Penates
1225 1538 1238 1556 ³

500 1569 658 1608 Plurima
679 1581 750 1622 qua
769 1566 925 1608 medium
943 1573 1055 1618 Roma
1073 1568 1203 1609 terebat
1224 1572 1301 1609 iter.

445 1626 554 1662 Nunc
575 1635 637 1662 tua
660 1621 813 1674 Caesareis
832 1624 1017 1677 cinguntur
1031 1623 1158 1662 limina
1181 1621 1300 1669 donis,

499 1679 547 1715 Et
567 1681 657 1717 Fora
678 1688 726 1715 tot
746 1690 903 1717 numeras
923 1677 1010 1729 ‘lane
1035 1689 1115 1731 quot
1137 1690 1195 1717 ora
1209 1682 1317 1730 geris·-

445 1731 494 1772 Αἰ
512 1743 550 1768 tu
560 1732 676 1782 janHe
694 1741 795 1784 pater
810 1742 906 1770 tamo
928 1743 987 1785 pro
1009 1744 1146 1771 manere
1160 1743 1283 1785 gratus

498 1787 623 1825 Ferrea
639 1796 804 1840 perpetua
826 1786 976 1838 claustra
996 1797 1089 1826 tuere
1100 1785 1194 1837 fera.

50 1842 286 1884 Confirmat
317 1840 507 1882 Servius:
553 1842 776 1886 sacrarium,
805 1841 951 1893 'inquit
966 1872 977 1890 ‚
1016 1841 1099 1892 fani
1128 1843 1253 1878 Numa
1283 1840 1475 1894 Pompilius
1493 1841 1629 1891 fecerat
1645 1842 1740 1881 circa
1763 1845 1875 1882 imum
1898 1863 1935 1898 7·
1948 1852 2092 1900 finem.

47 1897 242 1950 ,Argiletum
254 1918 268 1937 ‚
299 1896 412 1947 juxta
441 1892 635 1934 Theatrum
663 1894 854 1935 Marcelli,
890 1894 982 1948 quod
998 1894 1078 1941 fuit
1096 1896 1133 1933 in
1151 1892 1281 1932 duobur
1301 1893 1509 1946 breviffimis
1527 1895 1685 1949 Templis
1698 1920 1713 1938 ,
1749 1895 1875 1938 dnobus

48 1963 164 1989 autem
182 1960 313 2003 propter
329 1948 460 2000 {anum
478 1947 683 1998 Btfrontem.
720 1948 838 2000 Postea
856 1952 968 2003 captis
991 1948 1152 1987 Phaleris
1167 1950 1322 1987 Civitate
1339 1947 1472 1999 Tussiae
1490 1950 1671 1988 inventum
1695 1949 1745 2002 est
1758 1951 1873 2001 fimu-

48 2004 181 2043 lacrum
198 2002 284 2054 ‘lani
303 2015 380 2041 cum
387 2002 568 2051 frontibus
590 2014 735 2055 quatuor
747 2026 760 2044 >
782 2012 921 2057 propter
942 2001 1034 2057 quod
1052 2005 1088 2042 in
1109 2005 1193 2042 Foro
1213 2001 1425 2053 Transitorio
1445 2002 1667 2055 constitutum
1687 2003 1736 2056 est
1753 2005 1805 2044 illi
1808 2004 1873 2057 Ja-

46 2062 198 2096 crarium
226 2055 352 2098 aliud,
392 2055 485 2110 quod
507 2058 668 2096 novimus
693 2068 839 2110 quatuor
863 2067 977 2110 portas
996 2056 1132 2097 habere.
1183 2054 1395 2109 Loquitur
1418 2056 1585 2098 Servius
1610 2058 1661 2098 de
1690 2059 1872 2101 sacrario

49 2110 356 2164 quadrilatero,
378 2110 490 2163 quod
508 2112 612 2164 jano
626 2111 845 2151 conditum
858 2112 991 2163 captis
1004 2111 1194 2153 Phaleris
1206 2109 1319 2151 idern
1335 2109 1410 2151 esse
1423 2111 1642 2161 probabile
1656 2112 1711 2153 est
1722 2141 1736 2160 ‚
1762 2114 1876 2168 quod
1897 2118 1996 2168 ”T'anus
2005 2132 2085 2170 qna,

49 2164 260 2217 hodieque
285 2166 541 2218 conspicitur
553 2166 594 2205 in
609 2166 742 2205 veteri
757 2165 913 2205 Boario
930 2167 1045 2207 Foro
1060 2196 1071 2215 ,
1105 2166 1168 2206 cui
1182 2178 1407 2218 propterea
1420 2165 1626 2217 Transitorio
1640 2181 1876 2219 cognomen
1898 2168 2040 2219 drzfi‘ons.

51 2218 146 2260 fuit.
192 2221 354 2260 Verum
376 2233 423 2260 ex
448 2233 499 2259 eo
523 2218 763 2260 transsatum
794 2220 884 2270 Jani
908 2219 1165 2261 simulacrum
1187 2220 1236 2260 ad
1262 2221 1418 2261 Forum
1435 2221 1586 2261 Nervae
1601 2222 1808 2263 transtulit
1822 2226 1878 2263 se·
1900 2227 1947 2263 Ita
1968 2229 2096 2265 Fulvius

50 2287 143 2314 curn
159 2272 200 2311 δε
217 2286 561 2327 cognomentum.
606 2274 673 2314 Illi
702 2273 803 2315 vere>
826 2286 943 2321 erant
959 2274 1094 2328 exigui
1108 2274 1286 2315 Penates
1300 2305 1314 2324 ,
1345 2286 1450 2330 quos
1464 2305 1477 2323 ,
1510 2287 1553 2315 ut
1568 2276 1625 2316 ait
1642 2277 1876 2325 Martialis,
1894 2279 1949 2315 lib.
1969 2280 2048 2326 μὴ·

51 2329 197 2380 pervius
217 2339 296 2366 ante
313 2327 418 2379 {anns
437 2326 623 2366 habitabat
637 2358 649 2376 ,
1901 2331 1975 2365 Foro
1986 2331 2067 2367 Boa-

209 2415 212 2417 .
241 2385 248 2389 '
448 2382 608 2420 Plurima
630 2394 700 2435 qua
718 2380 871 2421 medium
896 2385 1006 2430 Roma
1025 2380 1156 2421 terebat
1175 2384 1251 2421 iter.
1896 2382 1953 2417 rio.

54 2436 201 2488 Atque
223 2448 270 2475 ex
290 2435 341 2475 iis
363 2436 527 2486 pervius
550 2436 632 2488 ipse
660 2437 914 2489 asportatus,
947 2435 1051 2476 fecit
1076 2437 1205 2476 etiam
1232 2437 1388 2477 Forum
1413 2439 1564 2478 Nervee
1591 2439 1877 2492 appellatione

55 2490 260 2542 pervium.
304 2489 374 2530 Sic
399 2491 511 2530 enim
530 2491 728 2531 Aurelius
744 2490 895 2530 Vistor
920 2490 1171 2532 nominavit.
1224 2492 1271 2531 In
1294 2505 1377 2544 quo
1398 2504 1465 2532 tot
1489 2495 1726 2533 numeravit
1749 2498 1850 2536 Fora
1866 2528 1876 2545 ,
1897 2486 1947 2520 Dc
1966 2484 2097 2535 thfizri‘

53 2556 156 2595 quot
169 2556 267 2592 ora,
300 2557 449 2596 nempe
462 2557 666 2598 quatuor:
697 2550 921 2593 Romanum,
948 2544 1109 2596 Caesaris,
1140 2545 1310 2599 Augusti,
1340 2550 1488 2586 Nerva.-
1519 2561 1612 2588 nam
1626 2547 1677 2588 de
1690 2548 1878 2601 Trajano
1899 2534 2094 2574 ΕΜῘΗΜῪ·

59 2599 172 2638 Foro
187 2629 197 2646 ‚
227 2598 337 2650 quod
355 2599 488 2648 postea
505 2598 656 2639 fafflim
675 2599 727 2639 est
743 2630 752 2640 ,
785 2599 900 2652 loqui
920 2599 1128 2639 Martialis
1140 2612 1220 2639 non
1235 2612 1416 2652 poterat.
1896 2597 1950 2625 W·

107 2655 308 2708 (Jaeterum
323 2656 472 2693 Nervae
489 2654 641 2694 Forum
660 2652 774 2693 fuiffe
787 2654 1087 2694 ornatissimum
1104 2685 1114 2701 ‚
1147 2655 1225 2694 tria
1243 2655 1486 2707 persuadent
1503 2672 1512 2697 t
1549 2657 1727 2709 primum
1743 2689 1755 2707 ,
1787 2658 1883 2712 quia

59 2704 278 2746 aedificavit
294 2707 563 2748 Domitianus
576 2708 752 2760 quadam
769 2707 969 2748 videlicet
986 2708 1252 2748 aemulatione
1264 2710 1446 2757 Caesaris,
1465 2714 1506 2751 δε
1526 2711 1714 2762 Augusti,
1741 2726 1815 2751 nec
1832 2714 1882 2753 il-

57 2759 98 2798 le
111 2772 235 2811 opera
253 2760 355 2800 fecit
371 2761 440 2801 nisi
455 2762 621 2808 eximia,
641 2765 682 2803 δε
698 2762 880 2814 egregia.
918 2762 1083 2803 Deinde
1099 2776 1247 2813 praeter
1262 2762 1492 2815 Templum
1521 2766 1600 2813 lani
1619 2764 1769 2807 ffidem
1787 2766 1884 2808 Pal-

56 2812 160 2854 ladis
173 2814 231 2855 ibi
245 2815 439 2866 extruxit,
460 2829 582 2870 quam
596 2817 710 2858 velut
722 2815 791 2857 sibi
806 2817 1031 2870 propitiam
1046 2817 1253 2871 praecipue
1269 2817 1451 2860 colebat.
1492 2814 1556 2862 De
1575 2820 1681 2873 jano
1697 2821 1878 2863 Statius:

500 2902 503 2903 γ
1775 2874 1886 2926 'z'azms
