2251 3283
149 231 338 270 Cancelhrt‘ae

148 285 320 324 Palatium.

153 887 273 940 (fides
292 889 325 926 S.

152 940 274 978 Maria
287 939 325 975 de

153 990 342 1042 Consularis)-

151 1055 199 1079 ne.

154 1157 273 1208 tfides
292 1160 326 1196 S.

151 1212 239 1245 Petri
249 1211 279 1243 in

154 1260 330 1298 Memorio.

155 2252 276 2303 adicies
290 2254 339 2289 (Τ

159 2308 304 2345 CAtrium

157 2356 315 2391 [morentii

163 2407 251 2443 VHI.
267 2410 314 2443 Cy*

158 2459 220 2505 &sslf
231 2467 334 2506 opera.

359 151 446 205 324
861 129 983 178 DE
1054 126 1333 176 URBE
1406 126 1715 177 ROMA.

415 215 500 256 Per
520 213 636 256 idem
662 223 827 266 tempus
843 210 1034 265 Raphael
1052 209 1222 251 Riarius
1245 208 1277 250 P
1295 210 1332 249 A
1350 208 1386 249 L
1404 209 1440 250 A
1459 210 1498 250 T
1513 209 1533 249 I
1548 212 1591 254 U
1606 211 1683 261 M,
1714 209 1827 263 quod
1851 210 1990 264 postea
2009 213 2092 254 usui
2117 212 2198 256 fuit

363 266 1068 313 vicecancellariisCardinali'ous,
1102 263 1350 305 inchoavit:
1383 263 1946 319 cujussiveamplitudinem,
1977 269 2200 322 quaetiam

362 325 594 380 Templum
617 324 660 365 S.
677 323 896 364 Laurentii
912 319 1173 375 peramplum
1188 318 1481 376 amplecitittir:
1515 321 1582 360 seu
1597 321 1860 374 peristylum,
1892 320 2048 376 duplici
2063 324 2199 376 porti-

360 394 437 422 cu:
481 381 677 434 ingentes
699 378 834 427 aulas,
867 390 914 418 ac
938 375 1230 416 coenationes:
1262 373 1468 425 sejunetos
1491 374 1780 416 cubiculorum
1802 376 1997 425 ordines,
2029 377 2200 418 illustria

359 436 593 477 multorum
620 433 863 485 Principum
885 430 1128 475 domicilia,
1172 429 1388 482 pluresque
1409 429 1779 481 contignationes:
1823 431 1891 471 seu
1915 431 2200 484 pulchritudi-

361 504 460 531 nem
480 490 660 544 speeies,
695 489 737 526 δέ
752 486 978 540 quadratos
990 484 1150 538 lapides
1164 483 1348 536 undique
1362 484 1624 525 ambientes:
1657 485 1882 525 interiores
1896 484 2100 539 pidiuras:
2133 487 2198 526 lu-

360 559 507 586 centes
519 543 754 585 verficolori
770 554 980 582 marmore
995 539 1202 593 parietes:
1236 537 1452 591 splendida
1466 538 1733 579 successorum
1750 539 1922 580 Patrum
1935 539 2199 581 additamen-

363 613 432 646 ta;
464 599 689 648 iudicabis,
721 596 847 637 etiam
873 596 914 635 in
929 595 1105 649 antiquo
1119 594 1390 648 patriciarum
1404 591 1626 633 domorum
1641 595 1736 634 luxu
1750 594 1816 636 vix
1829 594 1986 649 aliquid
2001 593 2116 635 fuiffe
2131 594 2198 636 vel

363 654 645 696 :edificatione
661 649 1001 703 magnificentius
1014 679 1024 698 ‚
1058 651 1123 690 vel
1138 661 1289 689 ornatu
1301 647 1591 701 sumptuofius.
1634 648 1799 689 Eodem
1816 649 2024 689 Pontifice
2036 650 2106 690 sub
2121 651 2202 690 Ca-

361 707 521 763 pitolio
535 740 546 755 ‚
578 709 618 749 in
633 706 782 747 finibus
794 705 897 745 olim
915 705 1015 746 Fori
1033 704 1243 753 Romani,
1274 716 1369 743 cum
1382 702 1575 756 quotidie
1587 703 1727 756 imago
1741 716 1899 756 magnae
1915 703 2105 757 Virginis
2116 703 2201 744 exi-

364 778 448 817 guo
469 765 512 804 in
535 763 689 804 sacello
705 760 825 800 rebus
837 759 1095 800 admirandis
1107 758 1417 804 celebraretur3
1450 757 1801 799 honestiscivibus
1815 759 2083 808 curantibus,
2112 772 2201 799 am-

361 820 542 872 pliatum
555 849 567 866 ,
592 816 812 868 posteaque
826 815 868 854 in
882 814 1061 855 celebris
1075 813 1248 866 Templi
1263 813 1444 854 formam
1459 811 1669 853 redaffi'tum
1692 814 1727 853 C
1743 814 1785 854 O
1800 815 1839 855 N
1855 813 1880 853 S
1895 814 1937 854 O
1953 812 1991 853 L
2006 815 2043 854 A
2060 814 2098 854 T
2112 814 2150 854 R
2162 813 2203 854 I-

366 876 439 916 CI
468 873 602 914 Matri
625 870 865 911 dedicatum
888 869 956 912 est.
1013 868 1112 920 Ejus
1135 881 1262 922 porro
1285 866 1483 920 Apfidem
1508 867 1748 908 Alexander
1771 868 2010 909 Cardinalis
2037 867 2203 909 Riarius

365 927 663 973 Bononiensis,
699 928 742 967 δε
763 925 996 978 principem
1018 938 1129 964 aram
1152 922 1363 975 operosius
1389 935 1579 963 ornatam
1595 953 1607 970 ,
1637 921 1792 962 illustre
1813 934 2028 975 tamquam
2049 923 2202 964 solium

365 983 553 1037 paravit,
586 981 695 1021 unde
712 980 881 1032 Regina:
894 979 1051 1032 effigies
1065 977 1280 1018 sublimior
1295 975 1491 1030 fulgeret.
1535 977 1846 1019 Nosocomium
1859 977 2046 1032 Templo
2059 976 2206 1029 adjun-

364 1038 474 1079 &um
490 1037 656 1092 piorum
671 1035 928 1076 eleemofinae·
942 1037 1184 1087 posuerunt.

424 1094 547 1134 Circa
570 1091 658 1131 haee
682 1102 875 1140 tempora
899 1087 1214 1135 Ferdinandus,
1248 1088 1292 1127 δε
1320 1085 1496 1128 Isabella
1510 1085 1726 1126 Catholici
1752 1087 1892 1140 Reges
1913 1085 2058 1127 nobile
2074 1087 2205 1129 Tem-

367 1148 480 1202 plum
506 1148 545 1189 S.
570 1148 598 1188 P
616 1146 651 1187 E
665 1146 703 1186 T
720 1144 791 1184 RI
812 1145 853 1184 in
871 1143 1063 1198 Janiculo
1076 1174 1088 1191 ‚
1123 1141 1390 1182 montorium
1407 1154 1644 1192 nuncupant
1659 1172 1670 1188 ,
1693 1141 1762 1181 ubi
1777 1141 1933 1182 vetusta
1947 1141 2066 1182 ffldes
2080 1155 2205 1183 antea

368 1202 588 1243 colebatur
601 1232 613 1250 ,
644 1201 885 1253 posuerunt.
927 1200 1122 1241 Fratrum
1136 1209 1301 1252 quoque
1317 1196 1338 1236 ἐ
1354 1197 1394 1236 S.
1418 1196 1627 1237 Francisci
1643 1194 1806 1237 familia
1821 1195 2026 1236 refectum
2041 1197 2205 1237 Coeno-

369 1257 485 1298 bium
505 1272 514 1298 :
548 1255 835 1309 impluvioque
857 1254 899 1293 in
921 1252 1065 1293 medio
1081 1252 1382 1305 Apostolorum
1397 1251 1581 1303 Principi
1605 1264 1655 1289 eo
1677 1251 1786 1300 loci,
1818 1264 1901 1303 quo
1918 1252 2045 1291 Cruci
2060 1252 2204 1293 affixus

367 1312 550 1360 dicitur,
582 1311 740 1363 insigne
757 1309 964 1351 Sacellum
988 1307 1218 1348 excitatum
1245 1307 1315 1348 est.
1359 1306 1437 1347 Sed
1453 1305 1852 1346 multorumincuffu
1864 1306 2202 1346 annorumincli-

367 1379 511 1407 natum
536 1365 641 1407 editi
661 1366 806 1410 collis,
839 1375 1112 1414 emotumque
1137 1362 1268 1401 solum
1290 1359 1737 1413 superstrucstaazdificia
1752 1360 1832 1412 jam
1849 1361 2076 1401 devolvere
2088 1361 2204 1400 vide-

366 1422 506 1463 batur.
549 1422 657 1461 Cum
672 1420 890 1473 Philippus
917 1419 1017 1460 ΙΙΙ.
1045 1417 1339 1470 Hispaniarum
1357 1416 1448 1456 Rex
1469 1415 1520 1455 ad
1533 1415 1708 1455 solidam
1722 1413 2056 1468 profunditatem
2071 1415 2207 1467 egesta

368 1477 527 1523 humo,
569 1474 763 1527 jactisque
787 1472 1070 1515 fundamentis
1092 1503 1105 1520 ,
1145 1470 1381 1511 sustinendae
1405 1469 1509 1510 moli
1534 1483 1697 1509 murum
1721 1469 1905 1510 validum
1929 1470 2204 1523 circumegit,

368 1543 592 1582 areamque
614 1544 695 1583 prae
713 1529 885 1582 Templi
909 1527 1017 1568 facie
1041 1527 1353 1578 complanatam
1374 1524 1547 1565 laxavit.
1593 1523 1662 1564 Ad
1686 1538 1777 1564 eam
1798 1524 1936 1576 postea
1958 1525 2165 1565 corrivata
2183 1524 2204 1565 ἐ

369 1585 553 1627 fontano
575 1585 851 1637 proximoque
875 1582 1043 1622 castello
1068 1581 1099 1621 P
1119 1585 1152 1621 A
1174 1581 1217 1622 U
1233 1580 1269 1619 L
1289 1582 1323 1619 A
1348 1593 1451 1632 aqua
1475 1579 1518 1618 in
1539 1579 1759 1619 salientem
1782 1578 1960 1619 emerfit.
2013 1578 2120 1626 Sed,
2162 1593 2206 1620 ut

370 1654 463 1681 rara
488 1640 541 1680 est
565 1639 646 1680 fine
667 1639 929 1679 detrimento
950 1636 1137 1680 utilita53
1174 1639 1293 1688 Aqua
1307 1634 1453 1674 eadem
1469 1664 1482 1683 ,
1513 1646 1637 1685 quam
1653 1633 1801 1674 Paulus
1823 1635 1879 1675 V.
1903 1635 2004 1674 XX
2019 1635 2062 1674 X
2078 1635 2131 1674 V.
2154 1633 2207 1674 ab

369 1695 576 1735 milliario
598 1694 639 1733 in
663 1695 901 1747 proximum
924 1691 1045 1731 collis
1068 1690 1332 1742 supercilium
1346 1688 1566 1742 perduxit,
1599 1687 1810 1742 postquam
1823 1689 2207 1741 pulcherrimumin

368 1749 536 1791 fontem
564 1749 586 1789 ὲ
603 1747 815 1789 fornicato
828 1750 949 1801 specu
961 1747 1042 1785 sese
1055 1746 1219 1797 aperuit
1233 1777 1245 1794 ,
1275 1745 1429 1784 iterum
1443 1745 1627 1784 occultat
1641 1744 1723 1782 sese
1740 1774 1752 1792 ,
1784 1742 1979 1784 structiles
1994 1743 2130 1783 subter
2143 1756 2212 1783 ca-

371 1805 485 1845 nales
504 1804 682 1846 humore
706 1804 920 1842 subeunte.
965 1802 1125 1841 Verum
1143 1799 1297 1841 oblatis
1310 1798 1513 1839 cuniculis
1527 1794 1671 1838 furtim
1690 1797 1887 1850 egressus,
1919 1798 2210 1838 subterraneos

367 1871 532 1899 meatus
554 1859 702 1910 sponte
725 1857 795 1898 fibi
820 1857 1006 1897 fecerat:
1041 1854 1194 1907 diuque
1218 1853 1502 1906 iiiterangusta
1517 1852 1770 1892 terrestrium
1787 1866 1985 1892 venarum
2001 1852 2208 1905 pertinaci

369 1913 491 1954 fiuCtu
515 1912 740 1961 eluctatus,
772 1911 1020 1952 inferiorem
1044 1910 1166 1949 collis
1188 1922 1350 1959 partem
1368 1940 1378 1956 ,
1410 1907 2179 1960 objectamquemunitionemimpulit
2195 1939 2208 1956 ‚

370 1980 609 2020 magnoque
625 1965 791 2018 fragore
806 1998 817 2015 ‚
841 1980 889 2007 ac
903 1977 1066 2004 terrore
1082 1964 1380 2004 transtiberinae
1395 1963 1559 2003 viciniae
1572 1963 1762 2013 disjecit:
1797 1962 2048 2002 imminente
2063 1961 2208 2014 utique

372 2021 580 2063 Coenobii
605 2022 747 2070 ruina,
780 2021 851 2061 nisi
876 2018 1044 2062 Urbani
1069 2020 1104 2058 V
1127 2020 1232 2060 ΠΙ.
1257 2017 1541 2058 beneficentia
1561 2016 1824 2058 subvenisset.
1865 2017 1946 2056 Ille
1972 2029 2117 2069 aquam
2131 2017 2209 2057 suis

370 2076 580 2116 redditam
606 2075 753 2115 finibus
775 2075 988 2122 coerceri,
1021 2071 1197 2125 ducique
1221 2085 1385 2112 murum
1410 2073 1537 2123 longo
1553 2071 1901 2111 traftudiretftum
1919 2071 2052 2122 jussit:
2087 2071 2205 2110 oneri

371 2129 550 2172 ferendo
574 2144 742 2183 parem:
776 2130 971 2182 stetitque
996 2128 1230 2170 immobilis
1251 2140 1398 2174 mons3
1429 2140 1473 2167 ut
1488 2126 1715 2176 constaret,
1746 2127 1882 2179 quoin
1895 2126 2089 2175 auctore,
2121 2125 2206 2166 loci

370 2186 621 2238 religionem
637 2184 835 2225 stabiliret
851 2184 1060 2224 securitas.

428 2241 625 2293 Jamvero
647 2239 921 2279 Innocentius
946 2240 984 2278 V
1000 2237 1097 2278 HI.
1125 2237 1230 2278 Sixti
1257 2235 1454 2276 successor
1470 2235 1636 2276 Palatio
1651 2235 1868 2276 Vaticano
1890 2235 2068 2275 alterum
2085 2234 2127 2274 &
2142 2234 2205 2274 in-

368 2308 469 2348 gens
491 2295 520 2334 P
540 2296 577 2335 A
593 2293 628 2333 L
645 2297 682 2335 A
701 2293 743 2333 T
757 2295 776 2334 1
794 2296 836 2337 U
853 2294 899 2333 M
919 2292 1081 2332 addidit
1104 2292 1271 2346 porticu
1293 2290 1520 2345 praesertim
1533 2290 1763 2333 visendum.
1807 2290 1930 2344 Quod
1946 2290 2081 2340 postea
2097 2289 2205 2329 diru-

370 2363 461 2390 tum
485 2348 638 2401 partim
664 2362 891 2401 pronaum,
927 2350 969 2388 δε
993 2347 1108 2386 frons
1123 2346 1299 2386 Bafilicae
1316 2346 1531 2386 Vaticanae
1554 2345 1805 2395 occupavit:
1840 2345 2049 2397 partimin
2063 2357 2202 2384 aream

369 2418 466 2444 aute
492 2404 722 2455 Templum
751 2402 930 2442 subsedit
957 2418 966 2442 :
1011 2402 1185 2441 minima
1211 2401 1297 2451 ejus
1319 2413 1436 2454 parte
1464 2399 1631 2438 AEdium
1657 2399 1974 2439 pontificiarum
1998 2398 2204 2438 vestibulo

373 2459 530 2499 relicta.
581 2457 701 2497 Idem
725 2457 860 2496 hortis
889 2456 1106 2498 Vaticanis
1127 2455 1270 2496 villam
1291 2486 1302 2503 ‚
1334 2455 1493 2507 vulgari
1519 2453 1549 2494 P
1565 2453 1610 2494 U
1628 2453 1662 2492 L
1680 2456 1714 2494 C
1730 2455 1769 2495 H
1787 2454 1859 2493 RI
1895 2453 2003 2493 VIS
2020 2452 2065 2494 U
2080 2453 2104 2493 S
2130 2466 2203 2492 no-

371 2513 483 2553 mine
498 2511 667 2559 adiecit.
705 2510 900 2559 Eiusdem
916 2524 1043 2562 opera
1060 2509 1189 2555 suere³
1216 2509 1286 2563 qui
1304 2510 1386 2559 jam
1400 2508 1622 2554 defierutit,
1643 2509 1788 2561 plateae
1802 2506 2016 2549 Vaticanae
2031 2506 2202 2548 fontes:

372 2571 510 2607 Arcus
534 2567 713 2607 Basilica
731 2565 1020 2606 Lateranensis
1042 2578 1140 2605 ante
1156 2567 1287 2604 Aram
1309 2564 1533 2603 maximam
1558 2562 1714 2603 duabus
1738 2562 1975 2614 ingentibus
1998 2562 2205 2602 columnis

371 2621 559 2662 effultus:
596 2622 822 2671 Templum
848 2620 885 2660 V
907 2620 978 2659 IR
993 2621 1064 2659 (31
1086 2622 1120 2660 N
1139 2621 1155 2659 Ι
1173 2619 1196 2659 S
1229 2619 1274 2658 M
1293 2621 1331 2659 A
1348 2619 1387 2658 T
1405 2619 1438 2658 R
1456 2618 1511 2657 IS
1533 2618 1572 2656 in
1591 2618 1672 2657 Via
1687 2618 1768 2657 lata
1783 2618 1804 2656 a
1821 2615 2103 2656 fundamentis
2116 2629 2205 2656 ere·

370 2674 493 2717 Ctum.
540 2676 702 2716 Eodem
730 2673 927 2726 Principe
953 2674 1098 2713 Petrus
1120 2673 1394 2713 Gundisalvus
1418 2671 1468 2712 de
1494 2671 1706 2712 Mendoza
1730 2671 1886 2711 tectum
1903 2701 1914 2719 ‚
1959 2673 2001 2711 Sc
2023 2669 2203 2721 apsidem

372 2730 494 2770 AEdis
530 2731 570 2770 S.
598 2729 878 2771 CRUCIS
908 2728 1148 2769 instauravit
1175 2743 1185 2769 z
1239 2727 1494 2780 titulumque
1526 2726 1811 2767 venerabilem
1847 2725 1993 2765 Crucis
2028 2724 2205 2766 Domini

373 2784 513 2823 effoiib
528 2785 688 2836 pariete
707 2783 885 2823 detexit.

427 2839 656 2878 Alexandri
684 2839 796 2879 Sexti
816 2835 1094 2877 Pontificatus
1113 2849 1157 2876 ut
1181 2836 1306 2876 bellis
1331 2835 1549 2890 frequens,
1581 2847 1666 2887 (111ae
1691 2833 1851 2874 externi
1879 2831 2126 2884 PrincipeS,
2158 2847 2205 2873 ac

373 2892 507 2933 casar-
529 2893 664 2944 fiHus,
696 2904 793 2936 tota>
808 2892 970 2934 serebat
989 2891 1113 2935 ltalia
1129 2922 1142 2941 ‚
1175 2891 1430 2936 militaribus
1452 2887 2116 2943 stipendiispecuniasinsumpfit:
2146 2887 2207 2928 ita

2004 2953 2206 2982 exornanoe
