2355 3335
447 124 504 189 58
935 123 1056 170 DE
1127 121 1404 170 URBE
1477 122 1782 172 ROMA.

251 776 330 810 Dec.
344 785 378 819 4.

251 823 306 861 lib.
326 837 383 861 10.

258 1364 351 1398 Pom
369 1362 455 1397 clau-

261 1411 290 1446 (1‘1
310 1415 387 1447 inte>-

260 1466 428 1513 *slggcrcss

261 1513 333 1548 clim
357 1515 455 1552 Vimi-

258 1563 335 1598 nulls

261 1614 331 1649 [ὦ.
353 1628 382 1662 ς.

262 1784 375 1822 Exilis.
394 1799 424 1822 1.

260 1846 329 1886 adp.
349 1844 405 1874 16.

261 1938 333 1977 Lib,
349 1953 385 1987 4.

261 1993 366 2028 usim.

269 2042 364 2075 Mons
391 2043 456 2076 Coe-

262 2091 319 2124 fs'lls·
333 2092 434 2142 Offir—

263 2143 458 2188 quendam.

456 204 687 258 Templum
710 203 864 245 Martis
877 234 890 254 ,
923 202 965 243 &⁷
984 203 1263 245 Horatiorum
1279 201 1493 254 sepulchra
1509 232 1521 251 ,
1551 213 1697 255 putant
1710 202 1799 244 illic
1813 203 2026 257 geminum
2040 201 2154 244 fuiss'e
2166 204 2293 245 Cam-

455 271 555 312 pum
579 290 590 307 ‚
632 261 765 312 eoque
796 257 1011 299 Porticum
1034 255 1278 311 perduxisse.
1329 255 1578 309 Onuphrius
1601 259 1786 310 Campos
1809 258 2041 311 Vaticanos
2060 258 2293 310 intelligit,

454 312 538 366 qub
550 312 742 353 Porticus
757 311 778 352 ὲ
792 324 913 366 porta
927 312 1200 364 Septimiana‚
1225 309 1454 363 eademque
1470 310 1688 351 Fontinali
1703 311 1902 364 perdusta
1915 311 1977 352 sit.
2010 311 2170 352 Plinius
2183 312 2296 352 enim

452 367 598 409 scribit
618 368 853 408 Fornacem
869 365 1119 406 :edificatam
1142 365 1184 405 in
1201 365 1375 418 Campis
1393 396 1404 414 ,
1437 377 1481 404 ut
1495 364 1747 406 conderetur
1760 366 1902 417 patina
1915 365 2101 406 Vitellio
2116 367 2264 406 Caesari
2280 397 2294 416 ‚

453 435 560 476 quos
580 421 695 461 fuisse
719 421 950 461 Vaticanos
970 431 1220 471 argumento
1247 419 1302 459 est
1318 449 1330 468 ‚
1360 417 1472 472 quod
1489 419 1635 460 iisdem
1651 420 1692 459 in
1709 420 1880 473 Campis
1895 420 1970 460 sint
1985 418 2196 472 hodieque
2208 418 2298 460 for-

456 489 593 516 naces.
649 478 797 527 Neque
822 476 909 514 baec
932 474 1256 526 interpretatio>
1288 487 1336 514 ac
1358 473 1563 514 sententia
1579 505 1588 522 ‚
1619 487 1741 527 quam
1764 475 1987 526 sequuntur
2010 474 2219 523 mondus,
2252 474 2295 513 &

455 531 715 575 Manlianus,
737 528 959 569 satisfacit.
1004 530 1114 569 Nam
1129 528 1225 568 loco
1237 527 1371 568 citato
1388 527 1643 568 Liviietiam
1660 559 1671 577 ,
1698 530 1922 580 Campum,
1946 529 2123 581 legitur3
2145 540 2222 581 qua
2235 529 2298 567 so-

453 585 496 625 la
507 597 609 624 voce
623 583 867 637 significatur
882 586 1066 635 Campus
1080 583 1275 623 Martius.
1316 581 1486 624 Deinde
1501 612 1512 631 ,
1546 581 1707 623 tametfi
1723 583 1909 635 Campos
1921 582 2109 633 legatur:
2144 582 2227 621 duo
2239 581 2300 622 cis

461 638 659 679 Tiberim
676 639 718 677 in
736 638 929 677 Romana
944 636 1124 688 planicie
1141 636 1291 690 Campi
1307 637 1420 677 fuere
1436 666 1447 685 ,
1481 636 1531 676 de
1546 637 1692 691 quibus
1704 637 1834 688 supra.
1877 635 1958 677 Sed
1971 637 2067 676 loco
2079 635 2214 676 citato
2229 635 2300 675 Li-

459 692 519 733 vii
541 694 779 732 sermonem
796 689 873 731 effe
895 691 946 730 de
965 692 1129 744 Campo
1145 691 1307 731 Martio
1322 722 1333 740 ‚
1368 694 1437 736 δε,
1472 692 1678 743 Campum
1694 721 1704 738 ,
1737 690 1959 743 legendum
1977 721 1988 739 ‚
2020 689 2127 730 alter
2140 689 2301 742 ejuslo—

460 759 532 787 cus
553 745 769 799 perspicue
794 744 1049 786 demonstrat
1078 760 1088 785 :
1131 747 1314 790 comitiis,
1356 745 1520 798 inquit,
1551 747 1731 795 conscribis,
1764 756 1802 783 ut
1821 743 1992 783 traditum
2011 745 2206 796 antiquitus
2226 742 2299 794 est,

464 799 619 852 Cenfhres
639 806 677 839 in
696 803 826 853 Campo
847 799 896 838 ad
916 800 1025 839 Aram
1042 801 1182 840 Martis
1190 798 1284 850 sellis
1304 798 1481 839 curulibus
1499 798 1726 850 consederunt.
1767 799 1868 839 Erat
1890 799 2017 851 igitur
2043 801 2129 838 Ara
2149 798 2301 838 Martis

462 855 508 896 in
522 857 689 908 Campo
705 853 866 894 Martio
880 885 892 903 ‚
923 854 1021 906 quia
1043 854 1107 894 illi
1131 852 1293 893 dicatus
1304 853 1441 894 fuerat
1454 885 1468 902 ,
1501 853 1616 892 &ibi
1634 853 1776 893 habita
1791 852 1955 894 fuerant
1970 853 2202 892 Censorum
2219 854 2304 892 Co-

463 910 600 950 mitia.
644 909 852 950 Praeterea
873 920 1008 960 major
1031 908 1241 949 neceffitas
1265 908 1308 947 in
1334 921 1386 947 eo
1409 906 1660 948 aedificandae
1686 907 1903 956 Porticus,
1934 919 2029 947 cum
2042 903 2235 959 quotidie
2251 905 2304 945 ad

464 963 848 1008 inambulatione53
881 962 1286 1014 exercitationesque
1307 962 1482 1002 bellicas
1505 963 1686 1012 Campus
1702 960 2095 1002 Martiusadiretur.
2140 959 2306 1013 Quodfi

463 1032 609 1060 verum
625 1017 678 1057 est
693 1048 703 1066 ,
734 1018 871 1069 aliqua
886 1017 967 1057 alia
982 1030 1104 1070 porta
1118 1029 1192 1068 pro
1209 1016 1425 1058 Fontinali
1439 1015 1647 1056 statuenda
1663 1016 1785 1056 esset:
1823 1018 1914 1057 Nec
1927 1028 2064 1055 tamen
2079 1027 2304 1066 magnope-

464 1086 509 1112 re
530 1071 793 1124 pugnandum
811 1102 821 1118 ,
853 1071 879 1111 fi
896 1071 1047 1125 aliquis
1061 1072 1243 1110 voluerit
1265 1085 1335 1111 aut
1350 1071 1655 1124 Septimianam
1669 1099 1682 1119 ,
1712 1082 1783 1111 aut
1799 1072 2014 1123 Capenam
2031 1069 2302 1110 Fontinalem

465 1127 631 1172 dicere,
663 1139 732 1165 aut
746 1125 846 1166 alibi
864 1126 1138 1166 Fontinalem
1151 1139 1353 1178 quaerere.

521 1181 608 1222 Istae
631 1184 719 1220 sunt
742 1193 896 1232 portae,
931 1193 1030 1233 quas
1052 1182 1121 1219 suo
1145 1193 1231 1220 aevo
1255 1180 1297 1218 in
1324 1180 1445 1221 Urbe
1469 1178 1585 1219 fuisse
1610 1191 1728 1219 notat
1752 1178 2004 1231 Procopius,
2036 1190 2184 1230 praeter
2207 1177 2306 1218 alias

464 1238 663 1288 quasdam
687 1235 864 1274 minoris
888 1246 1012 1276 notae.
1068 1234 1210 1274 Primo
1233 1235 1402 1286 quidem
1425 1235 1602 1287 portulae
1629 1234 1838 1283 cujusdam
1862 1246 1991 1286 prope
2015 1232 2305 1282 Collatinam,

466 1292 535 1329 seu
551 1290 795 1330 pincianam
813 1290 895 1339 ipse
911 1289 1106 1328 meminit
1121 1320 1132 1337 ,
1165 1290 1279 1340 cujus
1295 1289 1449 1328 nullum
1466 1300 1639 1341 apparet
1654 1287 1885 1337 vestigium.

524 1346 586 1384 At
609 1345 721 1384 inter
744 1343 1003 1384 viminalem
1023 1373 1033 1391 ‚
1068 1345 1110 1384 δε
1127 1343 1383 1395 Esquilinam
1410 1356 1540 1396 prope
1554 1356 1716 1382 murum
1733 1341 1973 1382 Castrorum
1996 1340 2309 1393 clausajampri-

469 1397 565 1437 dem
591 1411 713 1452 porta
738 1397 879 1436 vifitur
895 1429 905 1445 ,
937 1410 1060 1450 quam
1077 1398 1265 1437 nonnulli
1281 1398 1503 1452 antiquarii
1523 1399 1640 1437 Inter
1657 1398 1843 1449 Aggeres
1855 1395 2068 1448 appellant
2083 1427 2094 1444 ‚
2129 1399 2170 1436 &
2187 1407 2309 1448 porta

471 1452 639 1506 quidem
667 1452 896 1493 Viminalis
921 1454 1037 1492 Inter
1062 1454 1252 1505 Aggeres
1275 1450 1295 1491 ὲ
1314 1453 1522 1492 Strabone
1545 1450 1620 1490 effe
1635 1450 1816 1491 dicitur:
1851 1453 1893 1488 In
1913 1451 2048 1503 Aggere
2067 1462 2182 1488 autem
2201 1448 2310 1488 medio

469 1510 573 1545 tertia
595 1507 641 1558 est
661 1517 756 1559 porta
776 1504 926 1556 eysejc‘lenz
944 1506 1087 1544 nomim's
1104 1519 1183 1543 cum
1204 1506 1289 1544 *Tolle
1310 1505 1493 1546 Viminali.
1536 1508 1624 1546 Aut
1649 1518 1750 1557 ergo
1775 1505 1842 1545 hic
1868 1517 1954 1543 erat
1976 1511 2099 1556 porta
2114 1504 2308 1545 Vimina-

470 1561 546 1607 lis,
581 1575 686 1600 nunc
709 1561 796 1600 alio
819 1561 1011 1600 transsata
1029 1591 1039 1607 ‚
1075 1563 1116 1601 δε
1143 1560 1270 1611 vulgo
1295 1560 1367 1600 Pia
1384 1592 1394 1609 ‚
1425 1573 1494 1600 aut
1518 1560 1605 1599 haec
1629 1574 1708 1599 non
1734 1558 1786 1599 est
1809 1559 1921 1598 inter
1948 1560 2146 1610 Aggeres.
2188 1559 2308 1598 Onu-

472 1614 614 1667 phrius
642 1617 747 1666 Qtiez
761 1615 1036 1667 quetulariam
1064 1626 1227 1666 portam
1245 1628 1455 1664 nuncupat
1472 1646 1483 1662 ,
1515 1614 1613 1654 inde
1630 1613 1784 1653 dietam
1798 1644 1808 1660 ,
1840 1612 1951 1666 quod
1968 1624 2010 1651 ut
2025 1611 2078 1651 est
2093 1612 2198 1665 apud
2216 1612 2311 1652 Sex·-

472 1680 562 1707 turn
582 1668 827 1721 Pompejum
846 1699 854 1715 ,
880 1682 1154 1721 querquetum
1169 1683 1309 1708 muros
1327 1669 1458 1710 Urbis
1472 1670 1584 1719 juxta
1600 1670 1637 1707 se
1651 1668 1858 1707 habuerit.
1902 1668 1969 1707 Ita
1982 1666 2084 1706 verb
2097 1667 2309 1719 opinatur,

471 1724 567 1775 quia
593 1736 738 1775 praeter
766 1723 877 1762 Petri
908 1723 1091 1764 Vidioris
1108 1754 1117 1769 ‚
1152 1724 1263 1763 Sext.
1283 1722 1403 1768 Rufi,
1439 1726 1478 1763 δε
1504 1723 1564 1762 Μ.
1581 1720 2078 1761 varronisverbalocum
2095 1720 2223 1761 Plinii
2239 1719 2311 1760 ad-

473 1776 588 1816 ducit
609 1792 618 1817 z
653 1775 820 1830 Fagz.tali
831 1804 842 1821 ‚
876 1777 1011 1828 inquit
1028 1808 1038 1824 ‚
1070 1777 1174 1828 ”1¹0va
1204 1780 1309 1815 etiam
1329 1791 1418 1815 mmc
1439 1775 1500 1814 ubi
1516 1777 1607 1815 lucus
1617 1776 1860 1830 fizgeusfitit,
1886 1785 1983 1827 porta
2004 1773 2287 1829 Qerquetulam
2299 1797 2313 1815 ‚

473 1831 579 1876 Colle,
612 1834 648 1870 in
670 1843 768 1883 quem
789 1832 932 1870 Vimina
945 1831 1162 1885 petebanmr.
1206 1831 1335 1873 Unde
1358 1831 1513 1875 infert,
1547 1843 1713 1883 portam
1730 1829 2114 1882 Querquetulanam
2129 1830 2170 1869 in
2189 1828 2312 1868 Coll'e

476 1886 711 1926 viminali:
749 1888 791 1925 δε
807 1885 912 1924 hanc
927 1888 976 1923 de
992 1899 1070 1939 qua
1084 1885 1292 1937 loquimur
1306 1884 1438 1925 fuisie.
1484 1884 1736 1937 Refragatur
1749 1885 1810 1923 his
1825 1883 1999 1923 Tacitus
2019 1898 2028 1924 ἐ
2061 1881 2315 1932 Haua'fuerit,

475 1940 613 1993 inquit
630 1971 641 1987 ‚
681 1937 867 1990 abstrusum
891 1937 1024 1978 tradere
1037 1962 1050 1980 ,
1079 1942 1241 1978 Momem
1260 1953 1336 1976 eum
1350 1962 1363 1979 ,
1395 1940 1583 1979 Coelium
1596 1965 1608 1983 2
1641 1941 1833 1990 antiquitus
1857 1937 2176 1990 Qterquetzclamnn
2195 1948 2313 1988 cogno-

475 1991 703 2045 mentofmsse
716 2016 728 2033 ‚
758 1992 848 2044 quod
867 1993 952 2030 talis
961 1992 1071 2043 syleae
1081 1991 1508 2045 frequens*foecundustjne
1528 2004 1624 2031 erat:
1652 2004 1737 2030 mox
1758 1991 1902 2029 Coelism
1923 1992 2161 2044 appellitatum
2179 1990 2200 2026 d
2213 1989 2313 2028 Coelio

478 2046 658 2088 Vibemm,
688 2049 751 2100 qui
772 2048 987 2099 Dzexgcncts
1008 2049 1195 2085 Heu-mite.
1237 2046 1278 2086 Si
1302 2060 1403 2098 ergo
1428 2047 1796 2099 Q::crquetulanus
1821 2046 1946 2085 Mons
1972 2045 2136 2085 Coelius
2160 2043 2237 2092 est,
2269 2043 2312 2082 in

480 2102 626 2142 Coelio
642 2114 765 2154 porta
780 2101 1120 2152 Querquetulana
1137 2112 1250 2140 erat:
1287 2104 1370 2138 Non
1389 2115 1442 2139 me
1463 2101 1544 2138 latet
1559 2123 1571 2139 ‚
1601 2100 1660 2139 ait
1675 2099 1918 2150 Onuphrius
1933 2130 1942 2146 ‚
1974 2096 2311 2148 Tacitumhaecscri-

477 2152 554 2194 bere
577 2178 589 2195 ‚
628 2167 813 2206 utcumque
833 2166 951 2192 autem
963 2153 1011 2203 fit
1034 2177 1046 2194 ‚
1084 2155 1255 2194 Varroni,
1285 2154 1401 2192 leio
1413 2178 1425 2195 ‚
1453 2156 1548 2192 Petr.
1571 2155 1694 2193 Vzrlori
1707 2176 1720 2194 2
1749 2152 1789 2191 df
1811 2155 1909 2191 Sext.
1928 2155 2025 2202 Rufo
2042 2154 2155 2205 magis
2178 2149 2314 2190 creden-

477 2207 574 2247 dum.
614 2209 681 2249 Sic
700 2222 776 2259 ego
791 2208 918 2247 etiam
933 2207 1099 2248 infero:
1125 2208 1189 2247 his
1201 2208 1454 2247 credendum
1473 2240 1482 2256 ,
1506 2207 1573 2247 sed
1590 2221 1670 2246 non
1686 2207 1817 2260 tnagis
1833 2238 1842 2254 ,
1866 2206 1992 2259 quam
2009 2207 2179 2246 Tacito.
2214 2207 2313 2246 Non

482 2263 594 2303 enim
620 2264 779 2302 diversa
803 2262 1002 2302 sentiunt.
1046 2261 1657 2315 Plinianiquidemilliusloci,
1690 2263 1814 2311 longe
1828 2258 2316 2312 aliainterpretatioest',

480 2330 605 2369 atque
628 2317 690 2356 illi
716 2316 864 2355 tribuit
888 2316 1148 2368 Onuphrius.
1191 2316 1349 2356 Scribit
1373 2317 1483 2356 enim
1507 2315 1557 2355 de
1581 2316 1683 2356 lucis
1705 2316 1744 2354 in
1772 2314 1894 2356 Urbe
1917 2314 2111 2362 consitis,
2143 2313 2312 2367 aitque:

480 2372 667 2420 Sylvarum
688 2382 798 2410 certe>
832 2371 971 2409 Roma
987 2401 998 2418 ‚
1029 2368 1304 2421 distinguebatur
1327 2370 1506 2424 ilyfgnibus
1529 2383 1538 2403 .-
1579 2370 1747 2421 Fagutalz'
1766 2369 1848 2421 {ovi
1868 2372 1975 2407 etiam
1994 2381 2083 2407 mmc
2093 2390 2105 2409 ,
2137 2367 2198 2405 ubi
2218 2368 2316 2405 lucus

476 2426 707 2477 Fageztsfizit-
751 2424 839 2466 Ubi
853 2426 945 2464 sane
968 2423 1245 2475 Fagzztali'z‘ovi,
1276 2426 1391 2464 sexto
1405 2426 1519 2472 casu,
1550 2436 1621 2464 aut
1640 2423 1741 2474 Ῠουε,
1776 2422 1997 2473 legendum
2012 2421 2091 2469 est,
2125 2421 2314 2461 &sensus

475 2491 609 2530 patet.
656 2478 817 2519 Hocest
835 2478 948 2517 enim
966 2491 1090 2516 unum
1109 2476 1130 2516 e
1147 2477 1610 2530 sylvaruminsignibus,
1642 2476 1856 2527 Fagutalis
1873 2478 2088 2528 Jttppiter,
2121 2474 2186 2514 ubi
2203 2476 2315 2514 lucus

476 2532 617 2584 fageus
638 2531 732 2572 fuit.
785 2532 896 2572 Tum
922 2532 1085 2584 pergit:
1118 2535 1221 2570 Pom
1246 2532 1553 2584 Qerquefulanaz
1585 2531 1664 2571 hoc
1689 2530 1741 2569 est
1763 2529 1873 2568 aliud
1894 2531 2048 2582 insigne
2065 2560 2076 2577 ,
2109 2528 2177 2567 ubi
2201 2530 2316 2568 lucus

475 2585 558 2627 fuit
579 2599 794 2639 querceus.
840 2586 984 2637 Pergit
1005 2601 1014 2626 :
1048 2584 1158 2626 Colle,
1188 2589 1224 2623 m
1245 2599 1346 2638 quem
1373 2588 1511 2625 Uimina
1529 2585 1740 2639 petebantur.
1779 2584 1976 2624 Tertium
1994 2584 2200 2636 sylvarum
2224 2582 2315 2621 infi-

475 2653 556 2693 gne
569 2668 581 2685 ,
616 2640 751 2680 Collis
766 2640 995 2679 Viminalis
1010 2640 1179 2679 nomine
1205 2641 1338 2680 alueo
1355 2640 1577 2680 Viminum
1592 2671 1604 2689 ‚
1635 2651 1721 2692 quae
1738 2651 1785 2678 ex
1800 2651 1850 2677 eo
1863 2639 2130 2692 petebantur.
2175 2637 2316 2676 Roma

476 2695 602 2746 igitur
616 2696 819 2746 sylvarum
837 2693 1418 2746 distinguebaturinsignibus,
1445 2695 1635 2747 Fagutali
1662 2695 1788 2744 Jove:
1817 2705 1937 2743 porta
1953 2691 2313 2745 Querquetulana:

479 2750 603 2788 Colle
619 2780 629 2795 ,
664 2749 705 2787 in
732 2761 854 2800 quem
880 2749 1053 2789 Vimina
1071 2748 1336 2800 petebantur.
1381 2750 1481 2789 Haec
1505 2749 1556 2788 est
1570 2761 1767 2802 germana
1782 2760 1865 2798 ejus
1888 2747 1968 2786 loci
1992 2745 2317 2797 interpretatio'3

479 2803 549 2841 ubi
573 2815 693 2853 porta
710 2803 1052 2855 Querquetulana
1076 2803 1414 2854 interpunctione
1438 2803 1707 2855 distinguetur
1733 2800 1754 2841 a
1778 2802 2042 2853 sequentibus
2055 2799 2206 2840 verbis.
2249 2798 2316 2838 Sic

476 2868 617 2900 autem
631 2856 792 2900 Plinius
807 2858 1016 2901 consentit
1029 2869 1124 2899 cum
1142 2857 1314 2900 Tacito.
1356 2859 1468 2901 Nam
1482 2859 1568 2900 haec
1580 2869 1702 2910 porta
1717 2855 1972 2909 relinquetur
1986 2855 2027 2896 in
2044 2854 2167 2896 Colle
2182 2855 2318 2903 Quer-

2173 2918 2319 2962 quetuf
