2355 3335
453 120 777 168 LlssER
849 119 1424 169 SECUNDUS.
1786 134 1867 189 103

33 207 159 260 quue
182 205 321 245 locum
345 201 603 243 dubitationi
630 201 755 246 fecit,
789 199 897 241 unde
916 201 967 243 ab
986 203 1075 243 imo
1099 201 1338 254 inciperent
1359 199 1531 254 graduS,
1565 201 1608 241 &
1637 200 1702 242 ubi
1719 225 1732 247 ‚
1763 214 1862 242 ante
1908 228 1916 234 κ

35 260 261 313 Templum
277 256 509 298 desinerent
523 286 535 301 ,
566 257 675 309 quod
690 257 845 296 summa
861 256 902 295 in
920 259 1030 297 Arce
1046 256 1276 298 collocavit
1291 255 1488 296 Ovidius.

88 315 249 367 Riquus
269 312 439 365 quidem
456 343 468 359 ‚
500 324 544 350 ut
568 311 715 365 gradus
739 311 926 350 Monetae
942 311 1168 365 AEdemquc
1194 309 1452 362 designaret,
1482 309 1565 349 tria
1587 308 1726 351 docet.
1770 310 1859 351 Pri-

36 383 148 411 mum
163 400 174 417 ‚
205 368 361 408 clivum
377 364 693 419 Capitolinum,
725 378 808 418 quo
827 364 1128 404 ascendebatur
1154 364 1194 403 in
1210 364 1475 416 Capitolium
1491 394 1502 412 ,
1537 363 1557 404 a
1576 365 1689 404 Foro
1706 366 1863 405 Roma-

34 438 112 471 no,
147 426 189 464 Sc
207 421 314 462 AEde
331 421 485 465 Vestae,
518 419 741 460 secundum
759 418 1010 459 Concordiae
1025 419 1277 471 Templum,
1311 431 1480 458 centum
1505 418 1700 470 gradibus
1722 419 1773 458 ad
1797 433 1861 458 ru-

31 492 126 532 pem
150 475 378 529 Tarpeiam
405 474 519 515 fuiffe
539 475 810 527 protensum:
852 472 1105 526 adducitque
1128 474 1208 513 huc
1233 473 1359 513 verba
1375 472 1517 512 Taciti
1539 487 1547 512 :
1588 473 1742 526 Tarpeja
1760 482 1863 524 rupes

31 527 338 584 centumgradibus
357 527 491 568 adrem.
543 529 740 570 Alterum
761 543 769 568 :
806 528 899 568 Hos
919 526 1019 567 clivi
1033 528 1181 581 gradus
1196 559 1206 575 ‚
1237 528 1332 581 quia
1345 526 1525 579 proximi
1542 539 1660 566 erant
1679 528 1865 579 Templo

35 584 311 629 concordire,
343 583 579 635 appellatos
592 581 841 623 Concordiae
864 581 1028 632 gradus.
1075 582 1298 622 Tertium:
1333 580 1865 632 cumhisgradibusascen-

32 640 202 680 deretur
219 639 269 679 ad
283 637 435 677 AEdem
450 638 639 679 Monetae
655 637 842 690 Templo
857 634 1109 676 Concordiae
1131 637 1426 676 imminentem
1443 667 1455 685 ‚
1486 635 1637 687 inipso
1652 636 1776 676 Arcis
1801 635 1863 674 in-

31 694 156 748 gressu
172 692 419 734 fabricatam
434 690 563 732 fuiffe.
600 691 759 745 Quibus
773 689 925 744 gravis,
942 690 983 729 &
1000 691 1528 743 eruditusaudiorquatuor
1541 690 1652 729 inter
1664 691 1702 729 se
1717 690 1864 730 misce-

34 748 283 795 revidetur,
306 758 430 799 atque
444 746 731 786 confundere:
767 757 916 798 nempe
929 745 1084 785 clivum
1100 745 1392 798 Capitolinum
1408 774 1420 792 ,
1446 742 1496 783 de
1509 743 1740 796 quoinfra:
1774 758 1868 796 gra-

32 803 107 843 dus
129 801 324 854 Tarpejae
350 801 485 853 rupis,
520 800 799 849 Concordiae,
831 800 874 837 δε
894 799 1070 851 ‚lunonis
1086 799 1299 844 Monetam
1330 812 1418 853 quae
1443 798 1619 837 omnino
1641 797 1867 850 separanda

37 859 142 898 sunt.
188 857 242 897 Et
264 856 412 909 gradus
432 855 602 907 quidem
617 853 811 907 Tarpejae
825 854 936 907 rupis
953 884 963 901 ,
995 867 1038 893 ut
1055 852 1171 905 supra
1189 853 1461 893 constitutum
1477 851 1531 892 est
1545 883 1556 899 ,
1587 851 1638 892 ad
1654 851 1870 893 Occiden-

32 924 116 952 tem
134 943 145 961 ,
167 910 362 952 Tiberim
376 912 510 950 versus
525 909 651 950 locati
668 908 808 953 fuere3
835 921 927 948 cum
943 907 1073 947 AEdes
1087 907 1366 953 Concordiae,
1387 919 1432 947 ut
1449 905 1660 960 hodieque
1671 919 1866 960 apparet,

33 966 202 1020 aspiciat
219 965 445 1006 Orientem
463 996 473 1013 ,
506 964 546 1004 in
560 964 690 1004 altera
704 962 808 1003 dorfi
830 962 1065 1014 Capitolini
1083 975 1200 1011 parte
1214 975 1344 1016 prope
1357 974 1500 1002 arcum
1515 961 1727 1013 Septimii.

90 1020 220 1062 Nullo
232 1032 372 1060 autem
389 1018 519 1059 modo
534 1018 682 1072 gradus
695 1017 946 1058 Concordiae
963 1048 972 1065 ,
1008 1020 1051 1058 &
1069 1017 1259 1057 Monetae
1275 1048 1286 1065 ,
1311 1015 1588 1070 pei-miscendi
1605 1017 1709 1057 sunt.
1754 1017 1863 1057 Nam
1883 1022 2010 1061 Gradus

34 1076 161 1117 AEdes
174 1073 451 1122 Concordiae,
477 1073 528 1113 de
540 1087 617 1128 qua
631 1073 818 1126 loquitur
834 1072 1014 1125 Riquus‚
1037 1073 1129 1112 suos
1143 1071 1288 1111 habuit
1303 1071 1469 1125 gradus,
1484 1084 1526 1109 ut
1544 1083 1659 1123 patet
1674 1084 1721 1110 ex
1738 1071 1867 1111 Tem·
1882 1072 2052 1113 Concordiae

33 1132 90 1185 pli
118 1129 333 1184 reliquiis;
366 1129 501 1167 adhuc
526 1130 636 1167 enim
661 1127 836 1180 superest
860 1126 1023 1179 integra
1039 1125 1127 1166 fere
1143 1127 1356 1179 porticus,
1391 1139 1512 1165 terrae
1528 1126 1642 1174 solo,
1675 1123 2019 1178 qxiamvisdivevfic‘t

34 1184 215 1237 undique
251 1183 379 1223 ruinis
400 1184 616 1236 oppletum
645 1183 714 1226 fit,
759 1180 884 1222 elata.
940 1181 1107 1222 Deinde
1136 1181 1447 1233 Ichnographia
1472 1179 1645 1232 Templi
1670 1180 1711 1218 id
1733 1173 2029 1232 {psumgmdibus

34 1238 211 1279 ostendit
229 1269 239 1286 ‚
270 1251 391 1291 quam
415 1250 564 1290 praeter
587 1249 762 1276 caeteros
780 1235 990 1276 Palladius
1010 1236 1166 1276 nobilis
1183 1235 1453 1276 Architectus
1477 1233 1678 1283 lineavit,
1713 1235 1756 1272 δι’
1780 1235 1864 1286 ipse
1882 1228 2034 1263 Monetae.

35 1294 196 1347 Riquus
221 1292 417 1336 adduci13
449 1291 490 1330 in
514 1305 592 1344 qua
617 1291 766 1342 viginti
792 1291 975 1343 quinque
998 1289 1147 1341 gradus
1173 1288 1495 1336 enumerantur,
1527 1289 1568 1328 in
1585 1301 1706 1329 unam
1724 1288 1869 1330 IEdem

36 1347 286 1388 Concordiae
312 1346 545 1386 mittentes.
590 1347 772 1386 Demurn
798 1346 866 1398 qui
890 1357 1090 1398 poterant
1109 1344 1259 1396 gradus
1282 1344 1442 1384 duobus
1456 1342 1652 1396 Templis
1664 1342 1739 1383 effe
1753 1356 1870 1383 com-

35 1415 177 1443 munes
191 1433 202 1450 ,
234 1414 410 1455 quorum
436 1401 613 1440 alterum
631 1400 884 1440 Concordiae
897 1399 938 1438 in
955 1400 1044 1439 imo
1056 1399 1143 1438 fere
1161 1398 1382 1450 Capitolio
1397 1397 1515 1439 litum
1530 1399 1728 1451 vergebat
1739 1397 1789 1438 ad
1805 1411 1871 1437 or-

34 1468 122 1496 tum
142 1473 153 1502 3
186 1457 364 1495 alterum
384 1454 556 1507 Junonis
572 1454 760 1494 Monetae
783 1455 823 1494 in
849 1455 1011 1494 summo
1033 1454 1167 1500 colle,
1199 1467 1282 1507 quo
1296 1453 1524 1505 spectaret,
1556 1453 1765 1492 incertum
1781 1452 1835 1491 est
1854 1461 1867 1491 .>

34 1510 192 1551 Gradus
214 1522 354 1550 autem
372 1509 556 1549 Monetae
579 1510 709 1561 ipsum
734 1509 862 1549 etiam
887 1508 1094 1560 fastigium
1110 1507 1285 1560 Templi
1302 1508 1555 1548 Concordiae
1570 1507 1795 1547 altitudine
1810 1506 1870 1546 fa-

36 1565 114 1605 cile
136 1565 366 1618 aequabant.
422 1564 556 1616 Igitur
570 1563 736 1604 Tullius
759 1577 852 1602 cum
876 1562 1056 1615 scripsit:
1098 1565 1246 1615 Equites
1263 1565 1434 1610 Qnmm‘,
1464 1566 1523 1615 qui
1542 1561 1814 1615 frequenszffimi
1835 1564 1921 1612 i717‚
1945 1565 2081 1617 Philisp,

27 1618 196 1673 gradibm
217 1617 611 1670 Concordiaestetemm,
643 1617 747 1658 nihil
773 1617 990 1671 pertinens
1014 1616 1063 1658 ad
1080 1617 1304 1659 Monetam
1329 1617 1568 1670 intelligere
1581 1617 1737 1668 potuit.
1783 1619 1867 1658 Ne—

32 1686 111 1727 que
127 1673 307 1715 Ovidius
323 1704 336 1723 ‚
367 1674 436 1725 qui
454 1671 739 1714 Concordiam
753 1671 917 1723 posuit:

505 1727 586 1781 Qasr
595 1729 670 1777 fert
680 1724 849 1777 jicblimes
869 1726 945 1764 alta
966 1729 1114 1767 Moneta
1131 1724 1279 1779 gradus.

36 1781 166 1824 Aliud
190 1781 416 1836 fignificat,
450 1782 519 1822 nisi
545 1782 730 1821 Monetae
754 1780 903 1834 gradus
927 1794 1007 1820 non
1034 1782 1157 1834 longe
1178 1781 1230 1820 ab
1246 1779 1344 1821 AEde
1369 1780 1622 1822 Concordiae
1647 1779 1841 1834 incepisse
1858 1815 1870 1831 ,

31 1835 215 1890 indeque
240 1835 396 1877 evafiffe
417 1837 457 1875 in
483 1839 686 1877 summam
705 1837 877 1876 Arcem.
923 1836 1022 1876 Haec
1044 1835 1107 1875 illi
1130 1834 1308 1874 dicenda
1330 1837 1420 1876 sunt
1437 1867 1446 1883 ,
1479 1836 1547 1890 qui
1566 1833 1748 1876 ‘voluerit
1765 1837 1870 1877 Ovi-

34 1890 148 1931 dium
173 1891 286 1944 loqui
311 1891 361 1931 de
378 1890 476 1932 AEde
491 1889 764 1939 Concordiae,
807 1889 920 1942 cujus
943 1889 1140 1943 reliquias
1162 1890 1213 1929 ad
1239 1889 1397 1930 radices
1411 1891 1614 1943 Capitolii
1644 1903 1772 1944 prope
1788 1892 1872 1932 Fo-

35 1959 122 1986 rum
140 1947 379 1986 Romanum
406 1945 608 1985 videmus.
653 1944 734 1984 Sed
759 1944 901 1996 aptior
926 1944 1006 1984 erit
1024 1975 1032 1989 ,
1069 1947 1111 1984 &
1133 1944 1287 1984 clarior
1311 1943 1581 1985 aedificiorum
1599 1945 1873 2000 locorumque

32 2001 264 2041 collocatio
278 2032 289 2049 ,
320 2000 345 2040 fi
372 2000 484 2040 aliud
501 1999 753 2040 Concordiae
769 1999 998 2052 Templum
1021 1999 1063 2039 in
1082 2000 1193 2040 Arce
1209 2011 1339 2052 prope
1355 1999 1498 2041 AEdem
1516 2000 1703 2040 Monetae
1716 2000 1868 2042 statua-

36 2068 146 2101 mus,
179 2067 222 2095 ut
242 2054 378 2095 dicam
404 2056 616 2107 Cap.x1v.

90 2110 180 2162 *lam
203 2122 245 2149 ut
259 2108 418 2150 certius
442 2108 675 2161 designetur
690 2107 864 2160 Junonis
877 2107 1065 2149 Monetae
1088 2106 1202 2148 sedes
1223 2120 1359 2162 operae
1384 2108 1566 2162 pretium
1582 2108 1634 2148 est
1647 2108 1868 2151 advertere
1889 2119 2023 2170 Ubicflge

65 2164 146 2204 uod
172 2163 302 2204 tradit
326 2164 385 2204 M.
406 2163 570 2202 Tullius
590 2176 666 2214 pro
684 2165 828 2204 Domo
853 2165 935 2204 sua.
985 2165 1098 2216 Ergo,
1126 2163 1285 2216 inquit,
1316 2167 1378 2203 M.
1398 2164 1539 2203 Manlii
1557 2162 1696 2202 domum
1716 2163 2003 2220 everstvnesp'des

61 2217 164 2256 nobas
181 2218 268 2256 lucis
290 2216 514 2268 convestitam
537 2216 673 2256 videni-
716 2217 855 2257 Locus
877 2217 990 2257 inter
1011 2218 1114 2256 duos
1135 2217 1250 2258 lucos
1264 2219 1439 2270 Asylum
1465 2230 1554 2258 erat
1569 2246 1581 2264 ,
1613 2218 1734 2260 situm
1757 2220 1869 2259 inter
1884 2224 2034 2259 Manem,

36 2270 117 2312 duo
133 2271 334 2325 Capitolii
363 2274 454 2324 juga
468 2300 480 2317 ‚
513 2273 580 2311 ubi
603 2272 1070 2326 nuncstatuaEquestris
1087 2273 1145 2312 M.
1164 2273 1375 2313 Antonini
1391 2272 1529 2314 visitur
1544 2304 1554 2321 ,
1587 2273 1637 2312 de
1650 2287 1729 2327 qua
1745 2275 1869 2327 paulo

34 2326 134 2379 post.
186 2328 296 2367 Cum
328 2340 429 2380 ergo
451 2326 580 2366 AEdes
603 2327 789 2366 Monetae
811 2326 851 2366 in
876 2340 970 2367 area
994 2326 1220 2367 Manlianae
1246 2328 1393 2367 domus
1417 2328 1464 2369 fit
1491 2327 1690 2378 condita,
1733 2328 1867 2370 videri

36 2380 166 2434 potest
189 2381 247 2421 ibi
271 2381 390 2422 fuisse
406 2413 416 2428 ‚
448 2380 516 2420 ubi
541 2394 647 2420 nunc
662 2381 879 2422 Senatoris
893 2381 1065 2422 domus:
1102 2381 1244 2435 ibique
1257 2383 1476 2422 eamlocat
1493 2382 1734 2423 Nlarlianus.
1781 2384 1867 2424 Ve-
1885 2379 1955 2416 J-ib·
1975 2395 2009 2419 2v

37 2448 127 2475 rum
155 2436 234 2476 hoc
257 2449 340 2475 non
356 2434 579 2488 respondet
593 2436 730 2475 verbis
744 2436 892 2476 Ovidii
913 2468 923 2485 ,
954 2436 1021 2489 qui
1039 2436 1204 2476 Arcein
1220 2437 1376 2477 summa
1394 2438 1612 2477 Monetam
1628 2437 1867 2487 constituit,
1884 2443 2001 2482 (af-4·

36 2489 106 2529 nisi
129 2490 362 2543 improprie
388 2491 610 2545 loquutum
632 2490 751 2530 velis.
798 2492 884 2530 Arx
899 2491 1009 2531 enim
1026 2492 1162 2530 multo
1176 2491 1385 2531 editiorin
1402 2491 1575 2531 dextero
1591 2492 1794 2545 Capitolii
1813 2492 1872 2543 ju-

35 2557 113 2598 go,
153 2558 277 2598 quem
300 2546 425 2597 vulgo
451 2558 640 2585 montem
666 2544 897 2597 Caprinum
924 2546 1144 2585 nominant
1161 2577 1173 2594 ,
1215 2546 1393 2587 declivis
1417 2559 1506 2585 erat
1534 2547 1574 2585 in
1596 2547 1766 2599 Asylum
1790 2547 1869 2586 five

38 2601 194 2640 Aream
208 2612 305 2639 ante
320 2600 437 2640 ffides
451 2599 693 2639 Senatorias
707 2599 932 2648 jacentem.
978 2600 1041 2641 Ut
1057 2613 1156 2652 ergo
1172 2599 1364 2641 audiatur
1381 2601 1546 2641 Tullius
1560 2632 1570 2648 ‚
1607 2605 1647 2642 8(
1664 2599 1844 2641 Ovidius
1859 2633 1870 2651 ,

36 2653 219 2694 arbitror
243 2653 437 2705 incepisse
462 2654 611 2706 gradus
624 2653 675 2693 ab
693 2654 847 2704 Asylo,
881 2654 957 2695 sive
974 2654 1125 2694 AEdem
1140 2655 1353 2705 Monetae,
1386 2656 1444 2695 ita
1459 2668 1501 2695 ut
1518 2656 1755 2709 aliqnapais
1771 2656 1872 2694 duo-

33 2706 112 2748 bus
135 2708 237 2749 lucis
261 2708 509 2754 vestiretur3
542 2707 657 2749 fuisse
683 2720 823 2747 tamen
848 2710 1047 2750 sublatam
1065 2739 1076 2756 ,
1108 2721 1152 2749 ut
1175 2709 1225 2749 ad
1244 2712 1400 2751 Arcem
1427 2711 1700 2763 pertingeret.
1745 2710 1806 2750 Ex
1821 2724 1872 2750 eo

34 2760 133 2801 loco
150 2793 160 2809 ‚
191 2763 303 2814 cujus
317 2776 409 2816 pars
425 2764 598 2815 Asylum
616 2763 815 2815 tangebat
831 2795 844 2813 ,
878 2765 1010 2804 versus
1025 2762 1179 2804 ffidem
1195 2763 1446 2804 inferiorem
1466 2764 1718 2804 Coucordiae
1733 2767 1874 2805 secun-

34 2815 109 2855 dus
123 2817 329 2868 Capitolii
356 2817 489 2857 clivus
512 2817 693 2859 devexus
713 2830 816 2859 erat.
867 2821 1003 2872 Qiem
1032 2820 1123 2858 sane
1137 2818 1235 2859 clivi
1252 2818 1512 2859 ascensumin
1531 2819 1873 2870 Capitolinmin-

31 2870 168 2926 telligi
183 2872 364 2912 arbitror
380 2871 402 2912 {1
419 2872 573 2914 Tacito
587 2903 600 2924 ,
630 2871 768 2915 verbis
781 2873 898 2928 supra
910 2874 1073 2921 allati53
1103 2876 1198 2913 Tam
1217 2872 1363 2927 dzverfhs
1374 2873 1538 2927 Capitolii
1558 2873 1677 2913 alitus
1698 2873 1872 2912 invaditur
1887 2877 2080 2929 Lib-{Hes

1759 2941 1872 2982 Jllxltl

1875 339 1955 388 Cap.
1974 350 2031 381 μ.
