2251 3283
532 106 862 158 LIBER
933 105 1457 172 QUARTUS.
1830 128 1911 179 331

67 198 280 245 diffimiles
305 196 522 239 caelaturas
534 198 658 250 usque
671 194 724 237 ad
739 193 1077 236 ludificationem
1092 192 1461 235 eruditissimorum
1476 194 1685 238 artificum
1703 188 1912 253 expreffitss

68 258 151 301 Sed
176 257 217 296 in
230 254 391 308 pariete
416 254 453 293 G
468 255 505 295 A
522 252 557 292 L
573 254 613 293 A
629 251 670 292 T
687 250 723 291 E
744 253 781 292 A
798 250 842 290 M
869 247 1059 289 flufflbus
1072 261 1286 289 errantem
1301 249 1510 303 expeditis
1522 252 1572 291 ad
1586 253 1768 305 praedam
1786 256 1915 297 mari-
1928 268 2093 307 Galatea&

70 314 134 354 nis
156 309 346 352 monstris
369 307 558 361 depinxit
572 319 646 360 per
662 305 732 346 fibi
747 307 910 358 semper
924 304 1118 355 Rapbael
1135 303 1352 346 Urbinas:
1386 304 1552 359 aliaque
1566 307 1605 347 in
1620 310 1785 360 porticu
1800 312 1915 352 Deo·
1928 319 2092 370 Kiphaaele

69 380 160 409 rum
185 367 204 407 1
220 367 256 406 C
271 367 312 405 O
330 366 367 405 N
381 363 401 403 Ι
418 366 454 405 A
479 362 738 416 prodeuntes
760 360 812 400 ab
840 359 927 410 ejus
945 358 1128 412 palaestra
1152 357 1352 412 pingendi
1369 359 1581 413 principes
1594 376 1675 402 non
1689 364 1770 404 {ine
1786 365 1915 406 linca-
1931 366 2039 408 Urbin.
2053 374 2109 407 de·

73 421 232 463 mentis
247 451 260 469 ,
284 417 487 472 ductuque
499 429 569 459 aut
586 416 716 457 etiam
730 413 1474 467 penicilloinstitutoriscolorarunt.
1519 416 1643 457 Nihil
1657 431 1772 458 certe
1786 420 1917 472 magis
1928 421 2021 471 pieta.

73 477 227 517 Romae
239 473 458 515 celebrant
472 472 660 526 juniores
673 469 839 524 piCturae
851 468 1191 522 competitores:
1228 469 1444 510 &imitari
1460 471 1580 511 enixe
1593 471 1754 513 student
1768 504 1780 522 ,
1803 474 1918 528 quod

69 533 136 572 sua
150 530 326 570 raritate
342 528 478 569 allicit
492 559 505 578 ,
538 530 580 568 &
595 527 646 567 ab
658 525 902 566 imitatione
916 523 1121 565 deterret.
1166 525 1378 565 Caeterum
1392 525 1443 566 ad
1457 539 1529 566 eos
1542 525 1691 567 hortos
1703 528 1894 569 limoniis
1906 561 1920 580 ,

70 585 273 637 malisque
297 583 473 624 medicis
497 584 659 634 semper
678 581 864 622 virentes
880 579 1083 620 exalteris
1096 580 1232 620 hortis
1246 579 1287 619 in
1303 580 1504 621 citeriore
1520 580 1701 622 fluminis
1719 585 1805 635 ripa
1819 596 1920 623 con-

69 640 155 681 fitis
176 638 372 690 cymbula
387 637 598 688 trajicitur
614 668 626 687 ‚
657 649 867 691 quoscum
882 634 1043 687 palatio
1057 635 1190 687 jungit
1204 634 1402 675 immanis
1427 638 1464 677 A
1484 636 1523 677 R
1541 638 1576 677 C
1594 637 1641 679 U
1656 637 1681 678 S
1705 637 1779 676 via·
1799 637 1919 690 Juliae

67 694 300 747 impositus.
347 692 500 735 Additi
523 694 612 732 sunt
637 704 792 743 nuper,
827 689 1032 730 constrata
1057 689 1238 730 filicibus
1260 702 1356 729 ante
1380 691 1528 731 aedium
1546 691 1734 732 frontem
1751 692 2090 742 platea,F0me5ad

70 750 267 790 salientes
286 747 569 800 uberrimiqne
594 747 626 787 F
642 748 683 787 O
701 748 739 787 N
755 746 794 786 T
810 745 844 785 E
858 746 913 786 S:
948 744 990 784 in
1012 745 1159 797 quibus
1183 757 1265 784 non
1289 745 1388 785 satis
1401 747 1611 787 mirabere
1625 747 1705 787 five
1719 761 1917 799 aquarum
1931 754 2131 802 fidesfar-

78 803 101 845 ὲ
132 803 325 856 Janiculo
350 802 586 843 labentium
611 801 780 853 copiam
806 830 817 848 ,
862 800 905 838 &
932 798 1011 839 five
1036 799 1336 852 recipientium
1365 801 1528 841 lacuum
1556 801 2090 857 magnitudinem‚nefiorum.

72 859 111 898 δε
133 858 336 899 formam:
365 870 455 897 tum
471 854 836 906 circumjectorum
851 853 1122 894 aedificiorum
1136 854 1459 903 sublimitatem,
1486 859 1525 897 Be
1542 857 1920 909 pulchritudinem.

128 915 239 953 Cum
266 925 367 965 ergo
383 910 617 954 Farnefiam
633 909 870 950 struCrnram
884 921 1051 962 urgeret
1068 940 1080 958 ‚
1116 911 1152 949 V
1170 912 1207 950 A
1229 910 1298 950 TI
1316 911 1350 950 C
1367 913 1404 951 A
1425 913 1460 952 N
1480 917 1523 953 ΗΞ
1546 926 1712 966 quoque
1738 912 1770 953 B
1786 914 1821 953 A
1839 913 1863 952 S
1879 912 1917 952 I-
1932 920 2061 971 Bafilssa

72 968 141 1010 LI
157 970 190 1008 C
210 967 260 1007 AE
287 981 426 1008 curam
451 965 674 1007 Pontificis
696 964 898 1005 mandato
922 964 1076 1004 inierat
1092 964 1278 1005 Micliael
1295 966 1484 1017 Angelus
1499 998 1510 1015 ,
1553 980 1675 1020 quam
1698 998 1710 1016 ,
1745 980 1788 1007 ut
1803 966 1918 1017 dixi,
1933 975 2089 1013 Vaticana.

76 1023 279 1071 fundare,
310 1035 357 1062 ac
379 1021 533 1061 struere
561 1033 753 1072 coeperat
772 1020 905 1073 Julius
931 1021 999 1060 11.
1023 1019 1064 1060 in
1090 1033 1137 1059 ea
1157 1020 1330 1073 quidem
1356 1020 1573 1062 Balthasar
1598 1022 1746 1062 Leone
1771 1023 1832 1063 X.
1858 1022 1921 1075 ju-

70 1079 228 1127 bente,
272 1078 294 1118 a
319 1075 589 1124 Bramantis‚
623 1077 666 1115 δε
695 1075 924 1128 Raphaelis
948 1075 1133 1115 inventis
1152 1077 1287 1117 multa
1312 1075 1570 1117 detorserat:
1614 1077 1726 1132 quod
1752 1091 1921 1129 putaret

70 1134 278 1175 immenso
300 1131 483 1172 aedificio
505 1130 752 1171 solidiorem
778 1142 1026 1184 compagem
1053 1142 1156 1183 opus
1180 1130 1272 1171 esse.
1314 1129 1716 1185 Itaquelongiorem
1733 1132 1920 1174 formam

69 1190 111 1230 in
135 1187 382 1244 quadratam
406 1198 619 1233 verterat,
653 1185 840 1234 sacellis,
874 1186 917 1224 &
943 1184 1148 1238 apfidibus
1169 1198 1377 1240 quatuor,
1410 1186 1677 1241 totidemque
1701 1187 1920 1242 portisfibi

72 1256 220 1284 mutuo
244 1240 606 1294 respondentibus.
651 1240 842 1281 Hocine
857 1241 1072 1294 exemplar
1086 1253 1299 1295 tamquam
1317 1241 1453 1282 facem
1468 1242 1586 1295 operi
1603 1242 1803 1282 faciundo
1816 1255 1923 1296 prae-

69 1298 207 1348 misit,
250 1297 358 1337 unde
380 1295 531 1349 posteri
555 1308 771 1337 curatores
793 1296 934 1335 lumen
959 1296 1216 1348 acciperent.
1272 1297 1334 1337 At
1362 1296 1551 1337 Michael
1577 1298 1792 1351 Angelus,
1823 1311 1922 1352 qua-

69 1353 316 1407 drangulam
338 1351 510 1403 figuram
538 1350 803 1406 retinendam
818 1378 832 1396 ‚
866 1351 1068 1391 nonnulla
1091 1363 1233 1390 tamen
1248 1351 1290 1391 in
1309 1353 1511 1392 extremis
1525 1353 1726 1393 mutanda
1741 1354 1919 1397 censuit.

72 1412 185 1451 Nam·
207 1407 442 1461 superiores
465 1405 645 1460 magistri
662 1406 835 1458 Templi
859 1405 1041 1458 apsidem
1058 1436 1070 1454 ,
1104 1408 1463 1461 transversamque
1488 1407 1823 1449 ambulationem
1846 1410 1922 1450 du-

70 1463 171 1517 plici
199 1462 400 1503 flexerant
414 1460 670 1513 hemicycIO.
716 1460 916 1500 Alterum
929 1459 1010 1514 qna
1025 1460 1236 1501 columnis
1252 1492 1262 1510 ‚
1294 1461 1375 1514 qua
1393 1462 1969 1526 mnrointerstantedistin-7-
2048 1508 2052 1516 .
2081 1507 2086 1510 ,

70 1518 279 1573 guebant:
314 1517 495 1556 alterum
518 1529 602 1555 non
622 1514 901 1556 intermistum
928 1516 1076 1556 extimi
1098 1516 1391 1569 parietisflexu
1406 1517 1604 1559 clausere.
1657 1519 1750 1560 Hos
1775 1519 1849 1560 ille
1863 1521 1920 1560 se-
1932 1490 2121 1579 asfflssliazbfi‘

69 1572 312 1614 micirculos
336 1571 524 1625 duplices
537 1570 588 1610 ad
603 1570 1009 1622 fimplicesredegit5
1041 1584 1086 1611 ut
1102 1571 1244 1612 omnia
1259 1572 1462 1612 liberiore
1479 1604 1489 1621 ,
1524 1586 1691 1627 unoque
1707 1574 1792 1615 visu
1804 1575 1915 1615 oculi
1931 1606 1989 1629 uno
2008 1598 2132 1631 mmm,

68 1629 324 1670 metirentur
344 1654 358 1673 ,
404 1626 447 1665 &
470 1625 716 1665 immodicis
740 1625 972 1678 sumptibus
997 1639 1255 1677 parceretur.
1320 1627 1675 1680 Hemisphaerium
1705 1629 1745 1669 in
1771 1630 1917 1670 medio
1933 1646 2080 1696 conclustz.

67 1683 309 1724 latiffimum
326 1712 338 1731 ,
371 1680 414 1720 &
432 1681 613 1720 alterum
630 1692 844 1733 tamquam
860 1681 975 1721 Coeli
989 1680 1197 1721 fornicem
1212 1682 1371 1734 triplici
1388 1682 1537 1723 ordine
1551 1684 1843 1725 columnarum
1860 1686 1921 1725 ni-

68 1739 103 1779 ti
129 1738 367 1778 voluerant.
411 1737 604 1789 Quorum
617 1736 801 1775 exterior
815 1736 1030 1789 perpetuis
1042 1736 1250 1776 columnis
1263 1737 1542 1785 circumibat3
1574 1739 1801 1780 interiores
1816 1741 1921 1782 dnos

66 1794 277 1847 parietum
291 1789 520 1831 interstitio
533 1789 631 1831 osto
646 1803 719 1842 per
731 1790 957 1831 intervalla
973 1790 1258 1844 sejungebant.
1299 1792 1380 1833 Ille
1396 1793 1602 1844 subjeelos
1615 1808 1731 1835 arcus
1746 1826 1757 1844 ,
1793 1795 1814 1836 ὲ
1830 1796 1922 1851 qui-

69 1851 145 1889 bus
169 1846 328 1887 eminet
343 1845 541 1886 immanis
554 1845 717 1891 tholus,
751 1846 858 1886 haud
874 1846 960 1899 pati
981 1858 1064 1886 tam
1080 1845 1232 1887 vastum
1246 1848 1432 1900 pondus,
1465 1849 1576 1902 quod
1592 1850 1662 1890 alii
1679 1863 1845 1905 quoque
1861 1852 1924 1892 vi-

68 1905 242 1949 derant,
274 1900 606 1947 animadvertit3
641 1913 767 1955 utque
782 1901 935 1942 minori
953 1901 1373 1953 moleincumberet,
1407 1904 1679 1951 extenuavit3
1705 1905 1921 1960 duplicem

68 1972 210 2000 tamen
236 1956 363 2005 fecit,
398 1969 440 1996 ut
465 1955 607 1996 tholus
630 1957 817 1997 exterior
841 1957 1019 1996 alterum
1041 1956 1276 1998 includeret
1292 1959 1750 2012 spatiointercurrente
1766 1962 1923 2002 discre-

67 2028 173 2055 tum.
220 2013 389 2067 Quippe
413 2010 620 2062 majestati
642 2011 820 2052 Bafilicae
836 2012 1107 2058 consulebat,
1140 2025 1225 2065 quae
1241 2014 1389 2054 extimi
1407 2014 1580 2055 verticis
1593 2015 1857 2056 sublimitate
1870 2015 1918 2057 fit

66 2068 291 2122 augustior.
336 2069 453 2107 Intus
477 2078 618 2106 autem
641 2067 946 2121 propinquiora
970 2065 1160 2120 depresso
1173 2068 1335 2108 ambitu
1349 2067 1399 2108 ad
1412 2070 1793 2122 oculosjucundius
1807 2072 1919 2112 acci-

66 2126 187 2164 dunt.
234 2121 427 2163 Porticus
442 2121 640 2175 Templi,
675 2121 856 2162 Panthei
873 2122 1109 2174 porticum,
1145 2137 1226 2163 non
1242 2124 1436 2164 eumdem
1452 2124 1634 2175 lapidem
1650 2127 1919 2177 poscentibus
1934 2136 2124 2188 Porticusfi-

67 2177 277 2221 columnis
299 2175 529 2218 referebat.
572 2177 675 2218 Haec
698 2176 835 2218 forma
853 2177 1294 2230 Pontificibusplacuit
1309 2211 1322 2229 ,
1347 2192 1484 2233 ‹eaque
1496 2182 1615 2234 snper
1629 2194 1671 2220 re
1687 2181 1919 2222 constituto
1935 2188 2134 2225 milisPorti.

69 2235 202 2276 coetui
220 2231 525 2273 Cardinalium.
570 2233 684 2273 Tum
697 2231 858 2273 strenue
874 2231 894 2273 a
913 2233 1043 2273 Panlo
1066 2233 1164 2274 111.
1195 2247 1417 2288 properata
1435 2234 1660 2275 aedificatio
1674 2236 1744 2278 est.
1790 2236 1917 2278 Exte-
1932 2239 2134 2281 cuiPanthei.

71 2291 182 2330 riora
200 2287 591 2341 Templicooperta
603 2288 693 2327 sunt
708 2288 931 2340 grandibus
947 2288 1187 2330 Tiburtinis
1202 2290 1351 2340 lapidis
1364 2290 1498 2340 glebis
1511 2321 1523 2339 ‚
1556 2290 1709 2331 affabre
1723 2292 1765 2332 in
1779 2306 1914 2342 antas,
1934 2307 2098 2343 Exteriora

68 2344 255 2397 capitula
271 2373 282 2390 ,
318 2341 496 2393 epistilia
510 2369 523 2387 2
557 2355 733 2382 coronas
749 2374 759 2390 ,
792 2343 1079 2383 loculamenta
1095 2376 1105 2393 ,
1139 2345 1320 2399 aliasque
1337 2345 1495 2385 formas
1510 2346 1753 2388 elaboratis.
1800 2348 1915 2388 Stru-
1933 2358 2102 2407 Templis,

71 2400 226 2440 (Sturam
243 2397 440 2450 deinceps
457 2397 589 2449 Julius
612 2399 714 2438 ΙΙΙ.
746 2397 895 2438 Paulus
917 2400 936 2439 Ι
954 2398 1009 2440 V.
1040 2399 1135 2440 Pius
1161 2401 1249 2442 IV.
1278 2401 1533 2454 prosequuti.
1577 2402 1814 2455 jamquead
1829 2404 1915 2444 cul·
1935 2410 2033 2447 Petri.

72 2468 168 2494 men
186 2452 386 2493 nonnulla
399 2465 680 2505 provexerant
694 2484 706 2502 ,
737 2466 829 2492 cum
843 2453 931 2494 vita
944 2452 1088 2494 funfiio
1104 2456 1316 2496 BonarOta
1331 2484 1343 2502 ,
1378 2455 1557 2507 magistri
1573 2456 1817 2497 succefi'ores
1832 2472 1921 2498 rur-

71 2512 134 2550 sus
149 2509 319 2548 decreta
333 2507 546 2548 invertere
560 2507 792 2548 studebant.
827 2509 929 2550 Haec
942 2509 1202 2562 agitantibus
1217 2511 1485 2551 interdici-um
1501 2511 1727 2565 quidquam
1742 2512 1916 2564 addere,

70 2565 137 2604 vel
160 2562 363 2604 adimere.
405 2562 461 2603 Et
487 2563 656 2617 quidam
680 2577 773 2603 cnm
799 2566 1027 2614 recusaret,
1063 2579 1235 2606 munere
1261 2567 1488 2608 submotus.
1540 2568 1678 2608 'santa
1702 2567 1789 2620 ejus
1810 2569 1916 2619 viri,

69 2617 523 2670 rebusjamperspeffis
539 2618 754 2667 explorata
770 2618 1017 2661 Prudentia.

125 2674 279 2717 Iisdem
295 2685 398 2724 ergo
410 2672 589 2725 vestigiis
602 2674 827 2727 Gregorius
850 2675 1014 2716 XIII.
1039 2675 1170 2716 multa
1186 2675 1304 2716 enixe
1319 2677 1494 2717 molitus
1518 2678 1553 2717 C
1572 2676 1605 2717 F,
1623 2676 1657 2717 L
1675 2677 1709 2717 L
1727 2678 1765 2719 A
1783 2678 1831 2718 M
1854 2679 1916 2719 in-
1934 2679 2081 2714 Sacellum

71 2730 190 2782 super
213 2726 664 2780 magnificentiffimam
690 2730 1177 2770 maculofismarmorum
1193 2731 1585 2778 incrustationibus,
1618 2747 1833 2774 camerato
1856 2734 1916 2774 in·
1935 2733 2101 2781 Gregoria-

68 2796 301 2836 auratoque
317 2783 495 2828 ambitu,
519 2797 565 2823 ac
582 2783 722 2832 tholo,
745 2784 970 2834 columnis,
998 2784 1168 2839 pisturis
1185 2817 1194 2834 ,
1212 2787 1400 2838 speciosis
1415 2788 1575 2839 Organi
1593 2788 1720 2837 tubis,
1736 2789 1917 2839 musivis,
1933 2795 2016 2817 num.

70 2839 244 2891 aliisque
260 2837 490 2878 clarissimis
504 2838 701 2890 operibus
716 2839 779 2879 vix
793 2840 1050 2880 imitabilem
1066 2839 1330 2882 fecit.Sixtus
1350 2842 1670 2883 V.vastiffimatn
1687 2844 1918 2898 duplicem·
1934 2844 2082 2881 Tholusci

68 2907 149 2948 que
175 2892 597 2935 HEMISPHAERH
617 2894 775 2935 molem
801 2895 1088 2992 superstruxit?
1125 2909 1205 2949 qua
1232 2898 1330 2951 quid
1347 2898 1499 2947 lazius,
1536 2911 1607 2939 aut
1622 2900 1828 2949 excelsus,
1850 2912 1918 2995 ault
1938 2898 2075 2983 Sixto?

1094 2963 1109 2990 t
1143 2963 1165 2991 2
1832 2968 1885 3008 pu
1905 2978 1920 2986 .
1936 2958 2037 2984 extrue
2055 2960 2102 2992 ny.
