2381 3335
605 105 930 155 LIBER
1000 105 1411 154 PRIMUS.
1868 130 1916 161 ir

89 202 152 230 ies
177 186 288 229 fuisse
311 188 476 228 aversos
496 187 678 228 aliorum
703 187 799 242 fuga
823 220 835 239 ‚
878 191 922 230 δε
946 188 1084 229 Curtii
1108 187 1250 229 Sabini
1272 187 1486 239 periculo,
1527 190 1597 245 qui
1620 190 1662 231 in
1684 190 1919 246 proximam

89 242 282 297 paludem
305 242 610 283 confluentibus
634 243 753 296 aquis
778 244 816 282 se
839 242 1098 294 conjecerat.
1146 242 1249 283 Inde
1264 255 1454 282 exortam
1469 242 1919 300 fabulamJaniaquam

89 295 335 338 effundentis
356 296 749 350 commiscentisque
771 297 1036 350 sulphuratos
1058 297 1278 341 humores;
1322 308 1416 336 nam
1443 297 1492 337 ad
1510 298 1661 351 Janum
1676 302 1914 354 geminum,

89 363 132 390 ut
152 350 211 391 ait
239 351 376 391 Varro
392 380 403 398 ,
442 349 937 404 aqnaesidplmraraefzmunt.
986 351 1110 404 Quod
1124 350 1174 390 ad
1202 349 1292 401 Jani
1318 350 1446 390 aedem
1470 353 1659 402 pertinet
1681 385 1694 403 ‚
1734 355 1914 406 putarim
1929 380 1951 416 s
2017 383 2092 417 ‹'··ei‹¹

85 417 252 459 quoque
277 403 532 444 simulacrum
550 434 561 451 ,
595 408 638 444 &
661 403 900 445 AEdiculam
926 405 1033 457 jano
1061 402 1175 444 fuisse
1191 402 1339 444 saetam
1356 404 1376 444 ἓι
1396 405 1585 446 Romulo
1601 407 1651 446 ad
1666 408 1825 449 radices
1839 408 1916 449 Pa-
1948 386 2040 430 ’ὥθ’
2082 405 2088 417 ”

85 457 204 506 latii,
235 457 304 497 ubi
327 470 447 510 porta
479 458 675 509 lanualis.
718 458 910 507 Servius,
941 458 1097 509 constat,
1129 458 1290 511 inquit,
1322 459 1406 510 ‘prm‘
1425 460 1593 512 templum
1606 461 1918 514 patuissesicho-

81 512 190 550 mulo.
239 511 381 552 Postea
405 512 610 564 ampliato
636 512 861 553 Pomoerio
882 525 975 552 cum
1002 511 1267 565 Capitolium
1293 515 1334 552 δε
1353 512 1558 553 Palatium
1575 515 1686 555 idem
1701 530 1917 557 murorum

83 565 265 605 ambitus
288 566 475 619 cingeret
491 597 501 614 ‚
532 565 774 606 translatum
790 565 810 606 a
830 569 965 607 Numa
979 565 1133 617 signum
1149 597 1159 614 ‚
1193 566 1508 618 Templumque
1525 581 1639 609 extra
1653 570 1812 612 moenia
1828 594 1843 612 2
1873 574 1917 612 &

83 619 187 674 quali
203 619 358 660 bellum
373 620 679 667 excluderetur,
697 620 852 660 clausas
868 621 1039 671 Templi
1058 620 1167 661 fores
1178 632 1344 672 apertas
1357 621 1425 660 sub
1442 621 1646 663 Romulo.
1679 626 1748 664 An
1763 625 1917 665 eodem

86 673 278 715 transsata
292 673 336 714 fit
350 686 471 726 porta
489 673 700 726 Jannualis
713 674 817 714 mihi
834 674 1095 728 exploratum
1114 687 1197 713 non
1212 674 1281 714 est.
1328 675 1424 714 Hoc
1437 676 1606 728 quidem
1623 708 1636 726 ‚
1669 678 1713 716 δε
1729 677 1915 725 ejusdem

85 740 215 780 portae
227 727 466 768 claudendae
478 727 795 781 aperiendaeque
811 742 973 768 morem
988 728 1145 768 indicat
1160 728 1275 768 locus
1291 729 1512 772 Varronis⁶
1567 731 1729 772 Faverit
1747 732 1790 770 δέ·
1806 732 1918 773 Ovi-

82 782 142 821 dii
167 786 376 822 carmina:
408 793 663 836 quamquam
685 782 770 832 ipse
793 782 845 822 de
870 795 918 822 ea
938 796 1061 836 porta
1088 782 1138 822 sic
1160 782 1445 835 estloquutus,
1478 784 1586 837 quasi
1602 785 1643 823 &
1660 785 1702 824 in
1719 785 1914 837 Palatio,

83 835 190 877 &ad
214 835 343 876 imum
369 836 609 888 Argiletum
633 836 704 876 sub
725 836 944 890 Capitolio
969 836 1084 877 esset.
1136 836 1197 877 Ex
1221 837 1523 877 con-suetudine
1539 837 1742 879 videlicet
1759 839 1912 881 Poeta-

83 903 171 931 rum
186 889 376 983 ‚stquibus
397 902 471 944 per
492 889 830 931 anachronismos
852 903 1014 932 mutare
1036 891 1079 931 in
1100 891 1221 930 rebus
1236 891 1444 932 rationem
1460 904 1703 947 temporum
1717 894 1914 949 religioni

88 957 206 984 none
243 974 251 983 .

140 1001 299 1051 Qarta
323 997 376 1038 est
401 1010 521 1047 porta
535 998 823 1040 Carmentalis
835 998 885 1039 ad
901 997 1061 1040 radices
1079 997 1314 1052 Capitolii,
1349 1000 1392 1040 δε
1408 997 1547 1040 forum
1564 1014 1670 1042 nunc
1684 1001 1910 1045 Montana·
1926 1014 2019 1050 Porta
2041 1011 2123 1051 (ἴῃ-,-

83 1051 189 1091 rium
215 1083 226 1099 ‚
267 1051 438 1094 fortasse
473 1053 657 1106 janualis
686 1054 816 1095 etiam
847 1052 956 1095 dista
982 1084 996 1103 ,
1036 1066 1080 1094 ut
1105 1065 1190 1095 tres
1217 1065 1383 1094 tantum
1413 1052 1540 1095 effent
1564 1067 1711 1108 portae.
1774 1058 1842 1099 De
1865 1070 1912 1099 ea
1927 1066 2069 1103 mena-xlm

112 1104 233 1145 ostea.

84 1120 108 1159 p
140 1160 331 1200 Alterius
345 1159 485 1200 Portae
503 1161 700 1201 meminit
714 1163 856 1203 Varro
871 1192 884 1210 ,
914 1174 1000 1216 quae
1017 1160 1210 1201 Saturnia
1225 1159 1438 1201 diceretur
1449 1161 1499 1202 ad
1514 1161 1644 1203 aedem
1663 1163 1826 1204 Saturni
1839 1165 1910 1206 sub

80 1213 330 1265 Capitolio,
359 1227 480 1267 quam
495 1228 627 1264 nunc,
660 1215 824 1269 inquit,
855 1214 1242 1256 vocantPandanam.
1280 1214 1767 1269 Haecquamvisfortein
1784 1219 1906 1262 Urbe

82 1268 255 1308 Romuli
278 1268 420 1316 auCka,
456 1270 494 1309 δε
518 1269 832 1322 ςοηψΙεέὶεηῑε
855 1269 1122 1321 Capitolium
1148 1269 1230 1308 usui
1255 1267 1379 1317 esset,
1411 1282 1551 1310 tamen
1569 1274 1909 1313 noncenseturin

81 1323 370 1362 Romanarum
395 1335 608 1371 portarum
633 1337 832 1373 numero,
864 1323 961 1377 quia
982 1325 1191 1375 supererat
1207 1336 1254 1364 ex
1269 1335 1414 1364 vetere
1426 1324 1612 1378 oppido,
1643 1326 1755 1381 quod
1770 1327 1813 1368 in
1826 1329 1910 1370 Ca-

80 1376 233 1429 pitolio
248 1375 365 1416 situm
382 1376 619 1418 Saturnium
635 1377 846 1419 dicebant.
899 1377 1026 1430 Apud
1043 1376 1250 1418 Ovidium
1264 1377 1314 1418 fic
1329 1378 1453 1432 Juno.
1925 1384 1959 1415 6.
1972 1377 2050 1428 Fas?-

369 1432 402 1469 Α
415 1433 519 1470 Patre
528 1430 617 1470 αἰῗῦα
628 1445 701 1471 meo
714 1432 889 1486 quondam
902 1434 1068 1471 Saturnia
1078 1434 1190 1480 Roma
1202 1430 1250 1483 est
1261 1454 1276 1473 ‚

424 1488 508 1523 Haec
519 1485 566 1524 illi
577 1484 597 1522 a'
610 1486 695 1524 Coelo
704 1489 869 1539 proxima
879 1489 989 1526 Terra
989 1487 1079 1536 filit.

80 1538 142 1580 Ex
163 1538 227 1579 his
247 1537 558 1580 animadvertes
581 1539 687 1580 haud
712 1539 853 1580 reete&
873 1540 934 1581 M.
953 1540 1089 1582 Fabio
1105 1539 1380 1587 Ravennate,
1413 1541 1568 1583 deinde
1582 1542 1603 1584 ᾗ
1624 1544 1728 1596 Jano
1746 1545 1908 1598 Jacobo

78 1592 289 1634 Buiffardo
306 1622 318 1643 ,
347 1593 415 1645 qui
440 1593 526 1644 ejus
552 1594 731 1647 vestigiis
753 1593 903 1635 institit
921 1625 931 1642 ‚
966 1594 1150 1635 Romam
1176 1595 1422 1648 quadratam
1449 1596 1622 1638 Romuli
1647 1599 1904 1642 delineatam

77 1645 207 1688 fuiffe.
249 1649 439 1700 Quatuor
462 1647 574 1688 enim
598 1661 767 1689 montes
779 1649 1397 1702 moenibuscomprehendunt‚
1431 1652 1753 1705 Capitolinum,
1788 1654 1908 1695 Pala-

76 1702 237 1747 tinum,
269 1700 545 1755 Esquilinum,
574 1703 855 1744 Aventinum.
890 1705 1035 1757 Atque
1049 1715 1091 1742 ut
1107 1703 1206 1752 alia,
1231 1717 1317 1758 quae
1333 1705 1389 1744 ibi
1406 1718 1608 1756 peccant,
1631 1721 1907 1759 praeteream5

74 1754 215 1796 frustra
227 1767 479 1808 expromunt
491 1756 736 1810 quadratam
751 1757 937 1799 Romam
949 1757 1141 1799 confluis
1152 1770 1331 1810 quatuor
1344 1760 1606 1810 monticulis,
1632 1761 1905 1816 dolatisquo-

74 1810 330 1859 dammodo,
362 1811 406 1850 δε
431 1810 472 1849 in
494 1811 697 1863 quadrum
719 1810 937 1863 dispositis.
981 1814 1090 1854 Nam
1114 1825 1161 1850 ex
1185 1818 1364 1864 quatuor
1384 1814 1468 1854 illis
1483 1828 1603 1854 muro
1619 1815 1780 1857 inclusis
1796 1830 1900 1856 nun-

72 1877 193 1917 quam
210 1863 325 1907 Urbs
335 1862 539 1918 quadrata
554 1864 758 1907 existeret.
794 1867 895 1921 Quae
908 1866 933 1907 si
947 1865 1028 1907 fuit
1040 1896 1053 1916 ,
1077 1866 1207 1907 solum
1220 1867 1444 1908 secundum
1460 1868 1619 1911 radices
1634 1869 1786 1912 Palatii
1803 1870 1900 1917 fuit.

825 2061 1008 2110 CAP.
1080 2062 1140 2111 V.

564 2202 859 2242 fficrementum
877 2195 1089 2258 Urbi-<sith
1103 2200 1199 2244 aliis
1213 2199 1398 2264 Regibus„

206 2352 322 2396 Uma
344 2348 555 2392 Secundus
581 2351 873 2392 Romanorum
903 2351 992 2392 Rex
1015 2351 1120 2393 nihil
1145 2352 1326 2396 addidit.
1379 2355 1441 2396 At
1464 2355 1697 2409 refragatur
1723 2358 1888 2412 Diony-2

202 2408 299 2456 sius,
331 2406 397 2461 qui
423 2404 472 2446 sie
491 2405 578 2452 ait3
610 2405 1022 2457 NumadffQtrinalem
1043 2407 1163 2445 Collem
1174 2409 1756 2463 complexasampliatismoenibus.
1802 2413 1886 2454 'Sed

201 2474 377 2509 contra,
409 2459 558 2500 Livius
569 2459 853 2511 adjectionem
869 2460 1100 2514 Quirinalis
1115 2461 1263 2502 Servio
1277 2463 1426 2503 Tullio
1439 2465 1650 2506 attribuit.
1696 2466 1784 2507 Ubi
1798 2468 1882 2507 sola
1897 2473 1969 2513 Lib.
1985 2490 2019 2515 2.

57 2528 243 2558 certatur
254 2514 524 2562 audomare,
546 2514 758 2556 auetorem
770 2516 917 2568 sequor
933 2513 1104 2556 Livium
1119 2528 1131 2561 ς
1161 2529 1253 2556 cum
1268 2530 1350 2570 quo
1367 2519 1492 2558 sentit
1509 2518 1686 2566 Plinius,
1698 2520 1778 2561 five
1790 2521 1883 2574 quis

54 2571 156 2612 alius
168 2570 219 2610 de
235 2567 595 2611 Virisiuustribus.
644 2570 781 2610 Numa
792 2569 961 2624 quidem
975 2569 1015 2609 in
1033 2571 1245 2623 Quirinali
1261 2571 1431 2612 domum
1446 2572 1513 2612 {ibi
1532 2576 1693 2626 paravit
1706 2604 1720 2624 ‚
1751 2575 1884 2617 sacra-

53 2626 198 2678 vitque
212 2623 449 2664 AEdiculam
467 2653 478 2669 ‚
509 2635 554 2663 ut
574 2623 676 2665 alibi
699 2622 908 2669 referam5
941 2623 1009 2663 sed
1024 2636 1213 2665 montem
1232 2624 1342 2667 Urbi
1360 2639 1441 2666 non
1454 2627 1633 2667 addidit.

104 2679 293 2720 Coelium
315 2676 444 2717 hodie
459 2676 714 2718 Lateranum
729 2677 894 2718 addidit
909 2678 1057 2718 Tullus
1072 2678 1275 2719 Hostilius
1289 2711 1301 2729 ‚
1334 2680 1533 2722 tradustis
1549 2681 1730 2722 Romam
1746 2681 1880 2725 Alba-

53 2734 131 2776 nis.
182 2731 402 2784 Dionysius
423 2730 577 2772 fastum
601 2731 737 2772 astruit
759 2745 856 2772 ante
875 2732 1032 2772 bellum
1062 2732 1275 2774 Albanum
1290 2765 1303 2783 ,
1347 2748 1448 2785 nec,
1481 2748 1610 2787 put0,
1642 2736 1876 2789 persuadet.

51 2788 183 2829 Causa
202 2787 342 2835 enim,
373 2799 495 2837 quam
517 2787 632 2840 supra
655 2786 806 2840 attigi,
839 2786 996 2828 dietum
1017 2800 1262 2841 oppugnat:
1298 2788 1434 2831 Urbis
1455 2790 1658 2830 videlicet
1671 2792 1878 2834 terminos

53 2845 265 2883 neminem
285 2838 458 2892 auxiffe,
490 2839 561 2883 nifi
579 2841 703 2883 auito
718 2841 943 2936 Imperiol}
968 2841 1011 2881 &
1027 2855 1128 2896 agro
1142 2842 1193 2885 de
1206 2842 1390 2886 hostibus
1400 2856 1543 2896 capto.
1596 2846 1688 2899 Qua
1703 2845 1878 2888 confici-

976 2907 998 2936 2
1793 2913 1878 2946 Uis,
