2355 3335
548 156 873 205 L1BER
943 157 1353 206 PRIMUS.
1801 158 1858 221 ες

35 244 118 285 lata
138 240 310 294 persona
336 238 502 282 Urbem
525 238 730 287 invisens,
762 250 805 278 ut
832 237 1531 289 semeluniversaminconspeEtum
1547 237 1692 286 daret,
1722 236 1859 289 plum—

38 297 138 336 beos
159 307 232 348 per
254 294 403 348 gradus
426 294 466 333 in
491 292 585 332 aedis
609 292 864 332 testudinatae
887 293 1090 345 fastigium
1117 324 1127 341 ‚
1160 295 1446 345 summumque
1473 292 1694 332 Pantheon
1716 291 1856 332 evasit.

39 350 143 392 Inde
167 348 331 392 Urbem
356 347 668 396 contemplatus
688 347 1103 398 ejusamplitudinem
1117 345 1456 399 majestatemque
1469 359 1724 397 magnopere
1740 358 1858 385 com-

39 403 273 443 mendavit.
316 400 481 441 Sedille
496 399 823 445 Romamvidit,
856 399 1655 453 quampauloantehostilisfurorigne,
1689 398 1860 439 acferro

37 456 278 497 vastaverat.
321 454 522 496 Nondum
547 453 1054 506 Urbipulcherrimorum
1071 452 1349 506 Templorum
1367 484 1377 501 ‚
1410 453 1642 506 aediumque
1661 452 1861 493 nobilissi-

40 522 225 557 marum‚
287 521 344 548 uae
363 507 501 560 postea
525 507 695 547 Civium
710 538 721 555 ,
753 520 801 546 ac
823 505 1064 558 Principum
1088 507 1241 546 nobilis
1254 508 1477 546 contentio
1489 506 1695 554 extruxit,
1725 507 1863 558 splen-

40 562 117 602 dor
139 575 236 603 acce
271 575 374 602 erat.
429 559 629 602 Nondum
653 560 834 611 ejusdem
859 559 974 599 Pauli
1001 559 1255 600 Pontificatu
1280 560 1320 599 in
1346 560 1582 606 Flaminia,
1626 560 1669 599 δε
1695 561 1859 612 Campo

40 616 214 661 Martis,
246 615 593 668 successorumque
609 613 863 654 Pontificum
880 614 920 651 in
937 613 1156 654 Vaticanis
1170 614 1346 663 Campis
1360 644 1373 662 ‚
1403 613 1454 653 ad
1470 614 1625 655 Forum
1642 627 1759 653 vetus
1773 645 1784 663 ,
1815 614 1859 652 in

41 669 241 715 Suburra,
285 669 325 708 in
354 668 570 720 Esquiliis,
611 667 653 707 in
680 667 911 712 Viminali,
947 667 988 705 δε
1014 666 1221 718 Quirinali
1245 667 1396 715 Colle,
1426 667 1478 708 ad
1502 668 1671 707 Collem
1697 668 1860 708 Horto-

39 736 127 763 rum
142 750 154 768 ,
188 723 231 762 &
257 722 394 763 Pilam
416 722 522 761 olim
537 720 812 761 Tiburtinam
825 721 930 760 latas
943 720 1271 773 longiffimasque
1287 721 1374 761 vias
1387 720 1595 761 direxerat
1611 751 1622 768 ,
1653 734 1861 761 erexerat-

39 790 117 831 que
150 776 372 817 multarum
397 775 580 817 Urbium
605 775 755 814 domos
775 774 950 814 studium
972 774 1229 823 aedificandi,
1272 774 1563 814 munificentia
1585 774 1782 824 Civium,
1816 776 1860 813 δε

39 830 338 871 confluentium
359 829 611 882 populorum
625 827 872 868 multitudo.
918 828 983 869 Ut
999 828 1078 868 hoc
1095 841 1286 880 tempore
1300 827 1323 867 fi
1339 828 1507 870 Urbem
1521 828 1696 868 Carolus
1707 828 1863 881 specta-

41 897 105 924 ret
124 916 135 931 ‚
168 884 304 924 nescio
317 897 366 924 an
381 884 566 935 priorem
582 883 812 935 despiceret
827 913 839 931 ‚
870 881 940 934 qui
956 882 1140 921 Romam
1154 883 1286 935 seipsa
1299 882 1585 935 pulchriorem
1598 881 1780 923 videret.

93 935 303 978 Hastenus
325 949 541 989 utramque
567 937 753 976 Romam
776 935 1078 975 conferendam
1099 936 1298 987 judicavi.
1351 935 1535 988 Augusto
1556 935 1641 988 jam
1668 936 1868 988 Principe

40 991 249 1045 tribusque
272 991 464 1032 aetatibus
491 992 610 1044 usque
633 991 683 1030 ad
709 990 939 1030 Gothicum
966 989 1172 1029 excidium
1189 1020 1198 1036 ‚
1230 988 1463 1029 cedendum
1486 991 1661 1030 omnino
1675 989 1757 1036 est3
1787 991 1866 1028 cum

40 1057 202 1084 acervata
222 1045 442 1095 univerfitate
459 1046 571 1084 virius
591 1044 639 1096 est
660 1047 853 1084 Terrarum
875 1042 1003 1084 Orbis,
1033 1056 1078 1083 ut
1098 1044 1159 1085 ait
1183 1043 1357 1084 Plinius.
1402 1045 1664 1096 Quamquam
1689 1044 1732 1082 δε
1757 1057 1865 1084 nunc

41 1098 120 1138 viis
140 1099 427 1152 compluribus
451 1099 596 1146 rectis,
629 1098 789 1150 longiS,
822 1097 998 1149 latisque
1015 1097 1155 1138 Roma
1180 1099 1313 1137 nostra
1335 1097 1606 1150 fitpulchrior
1620 1098 1866 1139 veteriante

41 1153 286 1194 Neronem:
332 1156 375 1194 &
401 1155 594 1204 praeclara
617 1152 806 1206 quaedam
831 1150 1075 1202 Principum
1098 1151 1285 1200 Palatia,
1316 1165 1364 1192 ac
1391 1152 1550 1193 Divum
1574 1152 1758 1204 Templa
1781 1165 1867 1191 non

39 1205 240 1247 iuferiora
261 1206 401 1257 priscis
422 1205 641 1254 domibus,
674 1219 719 1245 ac
743 1204 928 1244 delubris
941 1204 1259 1246 etiamlaudatis
1278 1204 1461 1246 fateatur
1472 1203 1576 1247 effe:
1611 1206 1866 1247 vaticanam

40 1272 140 1300 vero
155 1259 369 1301 Basilicam
394 1261 624 1312 cuicunque
638 1259 777 1307 huius,
813 1262 855 1299 &
867 1259 1212 1311 consequentium
1227 1271 1470 1309 temporum
1485 1258 1669 1300 molibus
1682 1259 1770 1311 jure
1792 1273 1868 1314 op-

39 1326 184 1367 ponat.
239 1313 451 1366 Deinceps
479 1314 684 1366 postrema
708 1325 826 1354 aetate
849 1325 1057 1365 nunquam
1080 1313 1296 1366 pulchrior
1317 1326 1442 1366 quam
1467 1325 1556 1355 aevo
1579 1312 1718 1354 nostro
1745 1313 1868 1354 reflo-

43 1367 146 1412 ruit,
179 1380 221 1407 ut
235 1366 465 1407 referemus
483 1368 578 1409 Lib.
595 1380 661 1409 1v.

95 1422 174 1462 His
197 1433 338 1461 tamen
364 1422 554 1462 aetatibus
565 1421 701 1461 adhuc
714 1419 978 1473 spectandum
990 1421 1029 1460 se
1042 1419 1164 1460 offert
1177 1452 1190 1470 ,
1220 1435 1303 1476 quo
1318 1434 1463 1462 recens
1477 1421 1616 1464 Roma
1628 1421 1842 1474 praecellat
1855 1453 1869 1472 ‚

41 1475 184 1528 exipsa
196 1476 330 1516 veteri
344 1506 356 1523 ‚
386 1477 849 1527 susceptoargumenrO.
891 1475 993 1516 Haec
1005 1475 1116 1514 enim
1130 1475 1254 1515 Otho
1269 1476 1425 1523 Caesar,
1457 1474 1670 1516 referente
1686 1476 1842 1516 Tacito
1855 1508 1867 1525 ,
1885 1480 2008 1520 Lzb.1‚

41 1528 188 1569 retulit
208 1528 258 1569 ad
281 1529 441 1570 milites
453 1530 733 1570 Praetorianos
752 1543 762 1568 ε
805 1527 924 1582 Qud}
950 1542 1011 1567 vos
1027 1528 1301 1581 pulcherrimam
1318 1528 1407 1568 hanc
1427 1527 1590 1572 Urbem,
1617 1528 1799 1572 domibus,
1827 1530 1868 1569 <ir
1886 1532 1970 1582 Hcst,

41 1583 136 1621 testi>-
147 1606 160 1624 ,
198 1582 240 1622 dy
262 1582 415 1637 congestu
430 1582 589 1636 lapidum
601 1582 699 1635 stare
716 1580 885 1621 creditis?
925 1585 1039 1622 Mum
1055 1581 1123 1632 ista
1138 1606 1148 1623 ,
1189 1583 1230 1622 ds*
1250 1585 1369 1621 inania
1387 1582 1587 1622 intercidere
1599 1607 1611 1625 2
1651 1583 1693 1622 <ir
1712 1587 1869 1636 reparari

38 1634 225 1688 promiscue
240 1637 386 1690 pofftmt.
430 1639 627 1676 AEternitrzs
646 1650 759 1675 rerum
772 1660 786 1678 ,
821 1634 863 1674 t&
882 1645 958 1689 pax
972 1639 1129 1687 gentium
1142 1659 1155 1677 >
1184 1636 1226 1675 <⁷9¹
1245 1649 1323 1675 metz
1344 1649 1422 1674 cum
1443 1636 1558 1686 vestra
1567 1637 1662 1687 jizlus
1683 1637 1868 1677 incolumi-

45 1701 115 1728 tate
129 1693 274 1728 Senatus
288 1691 465 1739 firmatur.
503 1694 607 1729 Hunc
628 1689 833 1743 azspicatoci
843 1699 1005 1742 parente,
1038 1688 1080 1726 dy
1098 1689 1267 1729 conditore
1278 1689 1389 1729 Urbis
1406 1689 1524 1740 nostrae
1539 1690 1738 1742 institutum
1750 1715 1763 1732 ,
1793 1690 1866 1728 &ri

42 1743 189 1797 ngrtbm
211 1741 316 1795 ufipze
335 1743 384 1781 ad
401 1746 578 1797 Principes
598 1748 794 1784 continuum
808 1767 821 1785 ‚
861 1741 903 1780 df
922 1744 1152 1783 immortalem
1166 1767 1180 1785 ,
1206 1743 1298 1794 ficut
1317 1743 1340 1780 d
1363 1744 1554 1795 majoribus
1573 1747 1765 1797 accepimus
1777 1757 1792 1788 ‚·
1811 1744 1866 1794 fic

37 1797 180 1848 posteris·
204 1795 399 1835 tradamus.
447 1801 548 1836 Nam
578 1809 618 1836 ut
648 1811 694 1836 ex·
722 1797 822 1836 vobis
850 1798 1024 1836 Senatores
1042 1819 1054 1837 ³
1091 1800 1142 1836 im
1164 1811 1210 1836 ex·
1234 1796 1453 1836 Senatoribus·
1472 1799 1649 1849 Principes
1670 1796 1866 1848 naseuntur.

44 1852 143 1903 Quae
166 1850 191 1890 si
212 1849 262 1889 ad
284 1851 525 1903 Collegium
554 1851 983 1890 Eminentiffimorum
1011 1850 1180 1891 Parrum
1206 1850 1533 1899 transferantur,
1568 1851 1609 1890 δε
1637 1850 1867 1892 Pontifices

44 1903 250 1944 maximos
263 1935 275 1953 ‚
316 1905 384 1957 qui
419 1905 634 1946 Vicariam
657 1906 692 1945 C
708 1917 737 1944 H
751 1917 782 1946 R
799 1916 816 1944 1
831 1913 888 1945 ST
904 1914 922 1943 Ι
953 1905 995 1946 Ι)
1011 1916 1039 1944 o
1054 1915 1088 1943 M
1102 1915 1118 1944 1
1134 1918 1164 1946 N
1179 1915 1197 1944 1
1221 1905 1469 1956 potestatem
1494 1917 1687 1956 gerentes
1707 1917 1755 1945 ex
1777 1918 1866 1945 am-

44 1957 221 2009 pliffimo
246 1957 394 1998 ordine
417 1957 545 2010 deligi
569 1959 730 1999 solent:
764 1958 855 2013 quis
879 1957 1006 1997 fateri
1030 1971 1113 1997 non
1140 1958 1313 2005 audeat,
1348 1958 1518 2001 Urbem
1541 1972 1662 1999 tanto
1683 1959 1866 2008 Senatu,

44 2011 261 2061 Patribus,
289 2026 338 2052 ac
361 2012 635 2065 Religionum
658 2013 852 2066 Principe
873 2011 1197 2053 memorabilem
1219 2011 1506 2066 priorijustius
1519 2013 1866 2055 anteferendam?

41 2067 146 2122 Quae
159 2065 230 2106 alii
242 2067 479 2108 accuratius
493 2066 753 2109 considerant
767 2098 781 2117 ,
814 2065 856 2105 δέ
872 2064 996 2107 fufius
1006 2068 1321 2120 persequuntur.

590 2265 786 2310 FINIs
837 2263 1048 2327 [ΑΒΜ
1100 2265 1335 2310 ΡΒῙΜῙ.
