2251 3283
317 72 410 160 350*
810 84 933 132 DE
1004 81 1285 131 URBE
1357 80 1668 132 ROMA.

321 186 464 215 tamen
491 171 690 213 dominos
714 184 793 226 prae
820 170 994 211 laxitate
1016 169 1184 209 videtur
1205 170 1377 211 allicere
1394 172 1581 213 Domum
1600 170 1719 212 Piam
1744 168 1910 224 quaefito
1932 170 2161 224 praesertim

327 228 581 270 extrinsecus
592 241 740 268 ornatu
755 225 950 279 perfecit.
988 226 1037 266 In
1053 225 1240 277 Templo
1254 240 1411 279 magnae
1428 227 1619 280 Virginis
1633 228 1750 282 supra
1764 226 2001 266 Minervam
2016 227 2164 282 ingen-

119 300 205 342 Vzlla
217 300 297 336 Bur,
327 285 387 324 tia
411 298 566 335 organa
590 284 698 332 duo,
732 285 775 324 &
800 280 1233 322 aurointermicantia
1248 282 1421 321 molitus
1434 282 1504 322 est.
1549 282 1677 324 Extra
1691 294 1854 336 portam
1874 281 2135 323 Collatinam
2151 314 2169 332 ,

111 352 228 403 ghfpffi
328 339 396 379 ubi
421 341 525 379 olim
550 339 733 393 aliquam
751 351 912 391 partem
931 336 1166 376 Hortorum
1182 335 1376 390 Pompeii
1395 335 1510 378 fuisse
1523 336 1728 388 diximus,
1764 338 1800 377 V
1820 338 1838 376 1
1856 336 1891 376 L
1907 334 1943 375 L
1961 338 1993 374 A
2013 337 2061 376 Μ
2075 368 2088 386 ,
2122 339 2166 377 &

325 395 368 435 in
395 408 442 435 ea
466 394 768 447 pulcherrimas
790 392 911 435 AEdes
935 390 1118 430 extruxit
1139 390 1278 433 statuis
1301 393 1444 446 priscis
1466 393 1717 433 toreumatis
1733 425 1745 441 ,
1775 391 1898 445 pieiis
1911 390 2090 433 tabulis,
2120 396 2166 434 &

327 449 421 490 aliis
440 449 702 491 ornamentis
714 447 877 487 abunde
894 445 1087 486 refertas.
1130 447 1178 487 In
1192 447 1292 488 villa
1307 461 1456 501 praeter
1467 449 1767 488 amoenitatem
1785 447 1975 487 locorum
1991 445 2169 486 immen-

328 504 446 553 suas,
487 505 636 558 apricoe
660 503 950 550 acclivitates,
995 503 1037 541 &
1061 502 1322 555 prospectus,
1354 503 1536 552 umbrae,
1568 503 1737 552 vineta,
1769 503 1934 542 avium.
1967 498 2171 541 ferarum-

328 573 409 613 que
434 560 593 601 vivaria
613 557 848 611 spectaculo
870 558 976 596 sunt.
1026 555 1146 596 Idem
1175 557 1324 598 dirutis
1348 557 1736 599 Constantiniarum
1764 559 2046 598 Thermarum
2070 557 2169 596 reli-

330 615 436 666 quiis
451 615 665 655 nobilesin
682 612 894 666 Quirinali
912 611 1018 652 aedes
1031 611 1326 663 inchoaverat,
1339 625 1438 666 quas
1451 612 1604 653 deinde
1619 613 1757 654 auitas
1776 611 1903 655 Card.
1924 611 2169 653 Bentivolus

361 669 530 711 erfecit.

118 681 355 778 Seminariump
384 727 482 778 Quo
515 737 708 776 tempore
746 722 867 765 AEdes
888 734 1053 775 qnoque
1078 721 1116 762 R
1134 723 1176 764 O
1195 723 1240 763 M
1257 724 1293 764 A
1312 725 1351 765 N
1367 724 1407 764 Ο
1439 723 1462 763 S
1479 723 1512 764 E
1529 723 1606 763 Ml
1623 726 1661 765 N
1680 725 1714 765 A
1735 724 1772 764 R
1789 723 1808 763 I
1824 724 1864 765 O
1889 733 2039 776 paratae
2054 723 2167 765 sunt.

118 796 308 844 Romanum.
335 780 444 820 Nam
459 780 603 820 Plures
616 779 764 818 domus
778 778 827 817 ad
842 778 1072 830 Templum
1087 778 1191 818 olim
1208 779 1417 819 Antonini
1432 792 1665 832 coemptae:
1701 779 1787 819 duae
1799 778 1979 830 majores
1991 777 2040 817 ad
2053 777 2167 818 idem

330 835 496 875 culmen
523 835 716 880 sublatae,
752 832 868 877 Pauli
897 833 1123 886 pontificio
1137 832 1356 874 stemmate
1370 834 1570 874 decorata
1587 834 1732 876 frons:
1768 847 1857 875 tum
1874 833 2054 885 duplicis
2074 832 2170 873 Por-

328 890 463 939 ticus,
494 889 698 935 triclinii,
733 889 775 927 &
803 888 1108 930 Cubiculornm
1129 888 1276 941 ingens
1298 888 1635 929 additamentum
1653 921 1663 938 ‚
1700 891 1818 930 Aulae
1841 888 2066 943 praesertim
2082 915 2095 934 ‚
2126 888 2170 928 in

329 958 405 998 qua
429 957 578 998 praeter
598 944 700 984 alias
722 944 955 983 litterarum
970 944 1320 990 exercitationes,
1353 957 1425 997 per
1441 944 1721 985 Bacchanales
1738 944 2040 985 feriasminora
2059 976 2069 993 ‚
2103 944 2170 983 seu

328 1001 493 1041 comica
517 1000 732 1039 dramata:
778 999 906 1038 rarius
928 1012 1067 1038 autem
1091 999 1227 1038 latino
1251 1012 1392 1039 metro
1412 999 1589 1053 insignes
1612 1000 1864 1054 Tragoedias
1889 998 2042 1039 habere
2066 1000 2173 1039 solet

331 1055 485 1095 nobilis
509 1055 704 1106 juventus
728 1067 809 1093 non
836 1053 915 1093 fine
946 1054 1093 1093 Romae
1116 1055 1426 1101 admiratione,
1460 1069 1506 1095 ac
1529 1056 1686 1108 plausu.
1732 1056 1842 1095 Tum
1868 1066 2033 1109 quoque
2057 1069 2175 1095 com-

329 1110 529 1151 mendata
565 1109 618 1148 est
652 1109 879 1149 Michaelis
920 1109 1073 1161 Angeli
1101 1109 1236 1149 Tonti
1261 1110 1503 1150 Cardinalis
1527 1111 1789 1159 liberalitas,
1832 1111 1900 1162 qui
1927 1110 2172 1164 Collegium

331 1165 683 1206 Adolescentium
711 1164 890 1203 instituit
914 1163 1222 1204 addiscentium
1243 1165 1375 1206 bonas
1400 1178 1512 1205 artes
1529 1197 1537 1213 ,
1569 1166 1680 1219 quod
1708 1167 1759 1206 ab
1784 1166 1934 1206 eodem
1950 1166 2175 1206 Nazareno

119 1241 284 1292 Collegium
332 1221 496 1274 pridem
516 1219 853 1273 Archiepiscopo
870 1221 1132 1260 Nazarenum
1149 1219 1320 1261 dicitur.
1365 1220 1486 1261 Alios
1499 1220 1759 1261 suisAEdibus
1779 1219 2028 1261 Dominicus
2041 1221 2172 1262 Card.

120 1282 267 1332 sz‘are-
335 1275 563 1318 Fimnasius
584 1275 634 1315 ad
661 1276 820 1315 cultum
845 1274 1046 1315 doeirinae
1069 1274 1237 1315 educari
1261 1274 1368 1326 jussit
1385 1307 1396 1324 ,
1429 1275 1666 1316 luculenter
1683 1275 1899 1316 aedificatis
1915 1306 1926 1324 ,
1963 1275 2005 1313 δι’
2021 1275 2174 1322 εωξὶὶε,

118 1357 202 1380 num.
331 1332 479 1386 qui'vus
502 1330 656 1369 deinde
682 1342 801 1370 vetus
829 1329 869 1369 S.
888 1328 1027 1369 Lueiae
1045 1330 1275 1384 Templum
1295 1330 1315 1371 a
1335 1330 1883 1371 fundamentisrenovatam
1901 1362 1911 1379 ‚
1947 1330 1987 1368 δέ
2005 1331 2175 1370 Monia-

328 1388 389 1428 les
404 1386 612 1427 callocata
624 1385 675 1427 ab
690 1387 727 1425 se
742 1384 918 1437 pecunia
933 1383 1102 1424 dotatas
1115 1386 1294 1427 inclusit.
1341 1385 1471 1426 Paulo
1485 1400 1582 1426 ante
1600 1386 1775 1439 infignes
1791 1385 1914 1426 AEdes
1930 1386 2177 1426 Nlatthaeio-

333 1456 423 1482 rum
445 1442 485 1480 in
509 1442 646 1493 ampla
669 1440 799 1480 insula
826 1438 1020 1493 perfeffle
1045 1441 1158 1486 sunt,
1192 1454 1287 1480 cum
1311 1441 1466 1481 alteras
1481 1441 2176 1493 fimilismagnificentiaeaversoin

332 1511 435 1549 angu
461 1510 484 1535 ο
508 1509 632 1536 antea
654 1493 858 1536 fecissent.
907 1494 1066 1534 Eorum
1087 1508 1253 1550 quoque
1268 1497 1309 1535 in
1325 1508 1517 1535 extremo
1534 1497 1682 1537 Coelio
1701 1497 1852 1535 Monte
1871 1527 1881 1544 ,
1913 1510 1993 1549 qua
2009 1496 2173 1544 planus,

336 1555 378 1594 δε
395 1551 532 1605 postea
547 1550 724 1591 declivis
736 1552 772 1590 se
788 1549 979 1590 demittit
992 1550 1034 1589 in
1051 1551 1200 1591 vallem
1214 1579 1227 1596 ,
1262 1550 1329 1590 ubi
1346 1550 1452 1589 olim
1467 1550 1628 1591 Piscina
1644 1551 1808 1604 publica
1823 1579 1835 1598 ,
1865 1551 1994 1592 Horti
2007 1551 2177 1591 laudan-

331 1621 427 1655 tur,
461 1605 642 1655 umbris,
678 1607 721 1644 δέ
741 1605 940 1646 arborum
965 1606 1182 1657 opacitate
1209 1604 1399 1653 amoeni,
1432 1605 1971 1659 priscisquemarmoribus,
2003 1606 2177 1646 acfimu-

332 1662 457 1704 lacris
480 1661 758 1714 locupletati,
791 1661 901 1700 lacus
926 1659 1013 1708 ibi,
1048 1660 1089 1698 δι’
1116 1660 1311 1701 salientes
1332 1660 1530 1712 plurimi,
1563 1662 1678 1715 aquis
1697 1693 1709 1711 ,
1743 1661 2177 1702 velinadituocculte

121 1718 648 1772 HwstMfferuripentibus
671 1716 722 1756 ad
747 1715 1002 1767 spectatores
1024 1714 1276 1767 irrigandos.
1320 1715 1401 1755 Sed
1431 1716 1580 1757 Hortis
1605 1715 1922 1757 recentibusalii
1939 1716 2067 1756 etiam
2085 1716 2178 1756 Ro-

117 1785 287 1823 glmomm,
334 1789 396 1814 ma
410 1775 445 1813 ai
460 1773 591 1814 colles
604 1771 882 1811 celebrantur.
924 1770 973 1810 In
990 1770 1070 1810 fine
1084 1770 1253 1823 quidem
1271 1770 1547 1824 Esquiliarum
1566 1772 1691 1812 Horti
1709 1775 1797 1812 sunt
1815 1771 2009 1812 Federici
2027 1771 2178 1812 Cardi-

335 1828 443 1870 nalis
467 1827 659 1869 Cornelii
682 1826 732 1865 ad
757 1839 921 1866 veteres
935 1839 1052 1866 arcus
1070 1824 1337 1867 Neronianos
1355 1829 1481 1879 Aquae
1499 1827 1712 1868 Claudiae:
1748 1827 1898 1882 quibus
1911 1829 1976 1867 sua
1991 1827 2174 1880 peculia-

335 1885 389 1926 ris
413 1884 523 1931 laus,
555 1881 668 1936 quod
696 1881 884 1921 nobilem
908 1880 1110 1922 fiorumin
1127 1882 1365 1921 areolarum
1380 1880 1591 1934 pulvillis,
1622 1883 1913 1936 citrorumque
1926 1882 2114 1922 sobolem
2132 1883 2173 1922 in

334 1939 434 1981 vafis
464 1937 675 1979 viridariis
698 1936 894 1978 educant.
948 1935 1201 1977 Earumdem
1224 1949 1316 1990 pars
1340 1936 1647 1990 Esquiliarum,
1691 1941 1734 1980 &
1763 1937 1990 1979 viminalis
2016 1938 2178 1979 Hortos

333 1994 578 2036 Perettinos
594 1992 737 2032 habet.
773 1992 850 2032 His
864 2004 1013 2044 praeter
1027 1991 1235 2032 tonsilium
1251 1991 1451 2033 fruticum
1467 1992 1777 2033 circumeuntes
1789 1994 1974 2041 ordines,
2000 1992 2039 2031 &a
2056 2006 2174 2032 areo-

330 2051 465 2091 larum
480 2047 782 2089 amoenitatem
797 2078 809 2095 ‚
841 2047 924 2086 duo
939 2050 1027 2087 sunt
1042 2047 1237 2100 pratoria
1251 2047 1532 2100 pulcherrima
1549 2079 1561 2097 ,
1594 2048 1717 2102 copia
1733 2047 1915 2088 fontium
1929 2076 1941 2094 ,
1968 2049 2008 2087 δέ
2024 2047 2175 2088 statua-

331 2119 448 2146 rum:
494 2104 696 2143 immensa
722 2114 868 2153 patent
892 2101 1211 2154 magnitudine,
1251 2102 1558 2155 expatiantibus
1580 2103 1813 2144 virentibus
1831 2104 1987 2156 pratis,
2030 2116 2174 2155 poma-

122 2177 308 2215 Hortifizr-
334 2160 430 2209 riis,
465 2159 506 2198 δε
534 2158 688 2198 vinetis
708 2157 916 2198 fruCiuosi.
961 2160 1007 2198 In
1035 2157 1232 2198 Palatino
1259 2158 1466 2207 Farnesii,
1496 2159 1576 2211 qua
1603 2159 1937 2207 editioressunt,
1969 2158 2173 2210 quodam-

120 2233 200 2267 nezi„
332 2216 463 2257 modo
488 2213 687 2266 pensiles,
718 2213 914 2265 antiquos
935 2213 1051 2265 super
1081 2212 1233 2253 Palatii
1257 2212 1444 2253 fornices
1465 2213 1592 2254 strato
1606 2214 1719 2261 solo,
1752 2212 2069 2254 necadmodum
2087 2213 2172 2253 alta

333 2284 446 2312 terra
471 2269 696 2310 virescunt.
744 2270 842 2309 Non
864 2281 987 2308 unam
1002 2267 1229 2321 planiciem
1243 2267 1373 2308 iidem
1389 2267 1611 2308 inferiores
1629 2268 1831 2309 nobilium
1849 2269 1992 2308 umbra
2007 2300 2020 2318 ,
2055 2268 2097 2307 &
2115 2268 2176 2308 vi-

122 2345 222 2381 ΗΘΜ·
240 2346 320 2380 Car·
334 2327 506 2367 riditate
529 2324 725 2364 arborum
748 2323 1028 2364 convestiunt.
1075 2325 1174 2365 Non
1198 2323 1323 2375 longe
1348 2323 1400 2363 ab
1425 2322 1509 2370 his,
1543 2323 1584 2363 in
1610 2324 1748 2376 capite
1764 2324 1867 2364 olim
1885 2323 2070 2363 Suburroe
2086 2322 2174 2375 post

119 2395 258 2432 <zm-pis,
335 2380 563 2434 Templum
580 2379 718 2424 Pacis,
743 2378 981 2419 Cardinalis
995 2378 1092 2418 Pius
1105 2378 1349 2419 cultiffimos
1361 2378 1489 2419 habet
1506 2411 1515 2427 ,
1538 2379 1606 2432 qui
1622 2378 1812 2419 candidis
1826 2378 1979 2419 aedibus
1992 2380 2175 2418 constru-

125 2465 180 2500 HG
201 2465 281 2498 tiLu
336 2437 409 2478 ctis
423 2449 576 2476 novam
590 2434 843 2487 dignitatem
858 2434 1098 2475 amoenitati
1112 2434 1340 2476 conset-vit.
1359 2436 1406 2475 In
1423 2434 1589 2484 Pincio,
1609 2438 1650 2476 &
1664 2435 1772 2475 colle
1786 2434 1997 2488 quondam
2016 2434 2179 2474 Horto-

184 2479 196 2499 r
283 2485 297 2491 ’
335 2506 423 2532 rum
451 2490 691 2539 Ludovisii,
725 2488 1245 2542 Sylvastatuarnmcopia,
1278 2489 1505 2542 Xystorum
1521 2490 1758 2539 opacitate,
1791 2489 2170 2541 prcetoriiornatu,

338 2544 883 2600 &pielistabulisiniignes
930 2547 995 2586 De
1009 2545 1231 2584 aliisalibi·
1277 2544 1418 2585 Sed-„rt
1432 2544 1481 2585 ad
1499 2543 1927 2590 aedificiaredeamus,
1960 2543 2000 2583 in
2021 2544 2173 2584 Trans-

338 2603 533 2654 tyberina
559 2600 751 2653 Regione
765 2598 991 2640 excalceati
1009 2600 1251 2640 Carmelitae
1265 2599 1460 2653 Deiparae
1476 2600 1642 2653 Virgini
1662 2599 1812 2639 AEdem
1827 2629 1840 2648 ,
1874 2599 1917 2638 δε
1932 2598 2172 2650 adjunctum

127 2674 288 2725 Templum
339 2656 600 2698 Coenobium
624 2656 862 2709 posuerunt.
906 2655 1126 2695 Nocturno
1148 2667 1288 2695 autem
1311 2655 1569 2695 exincendio
1583 2655 1724 2695 nobile
1740 2654 1969 2706 Templum
1985 2654 2024 2694 S.
2042 2654 2176 2693 Caro-

128 2728 164 2763 5,
179 2728 294 2764 CAH-oss,
336 2713 363 2752 li
378 2740 390 2758 ,
424 2713 550 2764 vulgo
563 2712 611 2750 ad
628 2710 870 2750 Catinarios
886 2709 1135 2749 aedificatum
1150 2709 1218 2750 est.
1262 2712 1373 2751 Nam
1388 2723 1482 2750 cum
1499 2709 1641 2750 aestivis
1655 2709 1890 2750 fervoribus
1904 2709 2143 2762 congestum
2160 2740 2172 2758 ,

334 2767 697 2819 constipatumque
723 2765 764 2804 in
789 2767 929 2818 amplo
944 2764 1085 2806 foenili
1102 2763 1537 2811 foenumincaluiffet3
1571 2764 1886 2818 conceptoigne
1900 2765 2046 2816 sponte
2061 2776 2174 2802 exar-

336 2823 407 2870 sit,
441 2822 706 2874 vicinamque
729 2820 1008 2860 materiariam
1033 2835 1055 2859 a
1090 2821 1288 2860 Othecam
1315 2820 1478 2872 ingenti
1505 2817 1676 2860 asserum
1694 2851 1703 2868 ‚
1738 2820 1780 2858 &
1804 2818 2038 2859 tabularum
2053 2818 2176 2870 copia

337 2876 538 2919 refertam
562 2875 904 2930 comprehendit.
950 2834 1172 2918 Nihii'ula
1197 2874 1317 2916 noste
1329 2873 1470 2918 Roma
1495 2874 1836 2921 viditillustrius3
1870 2872 2177 2915 tantiflamma·

2086 2940 2177 2968 rum

121 2514 240 2564 devisi),
