2251 3283
358 132 443 199 356
574 131 675 178 DE
718 131 940 180 URBE
983 130 1223 179 ROMA
1267 129 1519 178 LIBER
1562 130 1972 195 QUARTUS.

362 213 477 253 bium
500 212 754 253 Monialium
778 212 950 264 Reginae
970 210 1229 264 Virgxmsibl
1244 209 1323 250 esse
1337 210 1510 251 dixerim
1526 242 1539 260 ,
1570 211 1637 251 ubi
1653 211 1858 252 Solarium
1871 213 2081 266 quondam
2095 213 2188 256 Hou-

363 267 572 319 rologium
587 266 882 308 fuitslndicio
895 266 949 305 est
965 265 1184 306 Obeliscus
1198 278 1274 314 pro
1285 277 1498 318 gnomone
1511 265 1668 306 erectus
1679 266 1730 307 ab
1746 267 1943 318 Augusto.
1978 270 2084 310 Nam
2097 299 2110 317 ‚
2136 271 2182 310 δε

364 321 503 361 vicina
525 352 536 370 ,
587 324 630 362 δε
668 322 941 361 fundamenta
963 319 1111 359 aedium
1134 319 1241 359 subit
1264 350 1276 367 ‚
1327 332 1426 373 quas
1456 320 1677 360 cardinalis
1708 321 1758 360 de
1783 321 2025 362 Comitibus
2045 322 2184 375 posuit

366 374 1038 426 Rondininisaedibuscontiguas.
1082 373 1728 415 Rondininaeautemilliusareae
1741 374 1922 428 aliquam
1938 389 2100 428 partem
2113 375 2183 416 fibi

363 431 490 470 etiam
511 430 736 471 vendicant
756 445 764 470 :
810 429 852 467 δε·
875 427 1002 467 molis
1021 427 1228 467 terminos
1249 427 1299 467 ad
1314 428 1453 468 Serras
1478 430 1600 481 usque
1622 426 1736 468 fuisse
1760 430 1948 469 extensos
1967 429 2185 481 probabile

362 485 432 527 est.
446 484 495 524 In
510 485 702 537 proximo
715 482 888 523 Cit0ti0
900 482 1025 530 colle,
1040 480 1365 534 splendidissime
1379 481 1554 523 aedificat
1571 482 1771 524 Nicolaus
1785 482 2030 524 Ludovifius
2043 484 2209 524 Plum-.

365 539 478 584 bini,
510 552 557 578 ae
581 537 766 579 Venufiae
794 536 1015 588 Princep53
1047 536 1263 589 Ipfiusmet
1287 536 1810 589 collisruderibusegestis‚
1841 537 2185 590 atqueincl-inato

363 592 552 645 fastigio;
583 604 626 632 ut
638 620 650 637 ,
681 592 733 632 ad
749 591 959 632 Antonini
976 591 1132 631 Forum
1147 621 1159 639 ,
1191 590 1289 630 hinc
1305 590 1583 643 Egnatianum
1599 591 1826 643 Templum
1840 622 1852 640 ,
1885 591 1983 632 hinc
1996 590 2185 633 Ludovi-

363 647 467 689 fiana
479 648 626 688 domus
639 646 845 698 pietatem
859 645 1022 696 patrui,
1055 645 1298 698 nepotisque
1314 644 1670 696 magnificentiam
1683 645 1899 686 testentur.

420 702 552 742 Porro
564 701 615 740 ad
630 702 782 752 Ripam
799 699 966 739 Tiberis
981 699 1222 752 Collegium
1238 699 1476 740 Clementis
1500 701 1537 739 V
1556 701 1574 740 Ι
1590 701 1608 739 Ι
1624 701 1658 741 1.
1685 699 2004 740 Clementinum
2018 698 2182 750 visitur,

361 768 493 809 prope
515 755 731 808 antiquum
758 754 1014 799 Terentum‚
1048 755 1116 793 ubi
1141 767 1209 794 ara
1231 754 1370 802 Ditis,
1403 753 1445 792 δε
1474 753 1727 806 Proserpinae
1748 755 1817 794 sub
1840 766 1966 794 terra.
2017 753 2185 806 Prope,

364 823 504 850 ortum
532 809 675 848 habuit
702 808 765 848 via
792 807 921 847 Reda
936 806 1129 847 dividens
1142 808 1248 849 hanc
1261 819 1425 861 partem
1440 808 1606 859 Campi.
1651 807 1777 860 Quod
1794 808 2009 848 fialterum
2024 809 2186 860 ripaela-

363 876 429 904 tus
451 862 757 916 spthamusubi
773 861 920 901 domus
931 873 1156 915 pauperum
1171 894 1184 912 ,
1216 876 1263 903 ac
1275 860 1607 902 Xenodochium
1631 862 1656 903 S
1672 863 1713 902 S.
1739 862 1964 903 Trinitatis
1979 893 1990 910 ‚
2021 875 2103 915 quo
2114 875 2186 915 pe-

362 919 628 970 regrinorum
651 917 835 957 Romam
862 916 1122 956 venientium
1148 917 1355 969 excipitur
1375 915 1905 962 incredibilismultitud03
1938 917 2023 957 Hic
2035 917 2188 969 opinor

365 972 493 1013 Horti
530 971 773 1022 Principum
809 970 1029 1010 Serviliani
1056 970 1250 1019 fuerunt,
1293 972 1505 1023 longoque
1527 970 1660 1010 traffi'tu
1681 970 1733 1010 ad
1758 970 1999 1023 Collegium
2026 971 2190 1025 Anglo-

364 1040 472 1074 rum,
489 1038 576 1066 tum
594 1025 775 1065 Roccias
790 1024 918 1064 AEdes
931 1038 977 1064 ac
992 1026 1158 1065 Cerrias
1171 1024 1455 1077 pertinebant.
1482 1024 1625 1066 Etiam
1642 1024 1798 1065 Ricciae
1812 1024 2186 1078 Varefiaeque,cum

363 1080 478 1120 horti
504 1080 726 1119 secundum
752 1079 946 1119 Tiberim
969 1079 1328 1131 producerentur,
1359 1078 1530 1119 illorum
1555 1079 1747 1120 terminis
1767 1080 1946 1121 inclusae.
1992 1080 2100 1121 Aliae
2122 1078 2188 1119 di-

360 1135 523 1187 gnitate
536 1147 583 1175 ac
596 1135 730 1186 specie
746 1146 828 1172 non
842 1132 1066 1174 inferiores
1079 1164 1090 1183 ,
1123 1134 1188 1174 vel
1203 1133 1300 1187 quia
1313 1145 1474 1173 veteres
1490 1133 1764 1174 fabricasillis
1775 1133 1973 1187 designari
1989 1134 2029 1173 in
2043 1147 2186 1187 prom-

153 1208 349 1242 Dwmmm,
362 1201 434 1242 ptu
459 1201 541 1228 non
567 1201 681 1228 erat:
716 1186 952 1240 velquiaut
966 1200 1320 1236 memoravlmus,
1355 1187 1600 1227 reticentur.
1646 1187 1900 1229 Urbisadeo
1913 1187 2187 1229 totiusfacies

148 1257 244 1306 μμ),
261 1257 341 1293 Urbe
363 1243 535 1283 eximias
547 1245 684 1296 paffim
699 1241 1065 1288 domosostentat,
1097 1242 1392 1282 humilioribus
1406 1253 1642 1281 tamennon
1656 1241 2021 1283 rarointermiffas.
2062 1241 2187 1293 QOd

153 1307 321 1344 humtliori-

155 1357 211 1391 bus
220 1361 311 1395 inter-

153 1408 251 1457 mtffae.

363 1299 456 1337 sane
478 1296 718 1350 ingentibus
741 1294 908 1349 oppidis
931 1295 1138 1336 familiare
1160 1297 1238 1345 est,
1273 1296 1316 1336 δε
1335 1295 1444 1336 Urbi
1460 1296 1587 1336 etiam
1601 1296 1735 1337 veteri
1750 1296 1857 1337 fuit:
1890 1309 2010 1350 quam
2024 1296 2090 1337 sex
2101 1309 2188 1336 am-

366 1352 473 1406 plius
485 1351 618 1391 secula
633 1362 782 1402 praeter
795 1350 1003 1402 Capitolii
1015 1349 1327 1391 substruffiones
1343 1382 1356 1400 ,
1386 1351 1526 1403 paucis
1538 1350 1880 1391 commendatam
1897 1382 1909 1400 ,
1941 1350 2190 1403 rudibusque

366 1406 488 1446 testis
519 1404 758 1454 demiffam,
799 1407 842 1446 &
875 1404 1077 1445 humilem
1111 1406 1270 1453 exteri,
1312 1405 1502 1458 quamvis
1527 1404 1743 1445 dominam
1767 1404 2009 1446 eludebant.
2057 1404 2189 1446 Orbis

364 1460 594 1513 imaginem
616 1459 769 1499 dixeris
789 1458 829 1499 in
853 1472 937 1513 quo
958 1460 1148 1500 maximis
1176 1458 1366 1501 Urbibus
1386 1459 1550 1499 minora
1570 1458 1734 1500 castella
1748 1460 1923 1511 pagique
1936 1459 2186 1500 succedunt:

364 1529 413 1555 ac
427 1514 615 1565 praecelsa
629 1513 839 1553 montium
851 1513 945 1566 juga
956 1514 1110 1553 modici
1125 1514 1255 1554 colles
1268 1514 1496 1566 excipiunt.
1541 1513 1631 1559 Sic,
1657 1516 1698 1554 δε
1716 1513 1828 1564 regia
1844 1516 1991 1555 domus
2005 1526 2085 1553 non
2100 1527 2190 1554 am-

365 1570 454 1622 plas
476 1568 626 1620 ubique
648 1568 781 1616 aulas,
812 1567 880 1607 sed
903 1568 1083 1620 angustas
1104 1568 1232 1608 etiam
1246 1568 1417 1608 cellulas
1428 1566 1560 1620 probe
1574 1566 1883 1619 compleffitur.
1928 1568 2189 1610 Romaevvero

367 1622 411 1662 id
435 1622 659 1674 praesertim
681 1620 845 1662 accidat
866 1621 1022 1661 neceffe
1045 1622 1126 1671 est,
1158 1621 1322 1676 quodin
1338 1635 1428 1661 eam
1444 1622 1620 1661 exomni
1636 1621 1802 1672 Europa
1816 1621 2075 1662 confluentes
2090 1622 2187 1662 novi

365 1676 560 1729 opifices,
595 1677 639 1715 ἅτ
664 1675 859 1724 advenae,
889 1675 957 1715 ubi
983 1676 1024 1715 in
1037 1676 1249 1716 communi
1264 1676 1400 1729 patria
1413 1676 1548 1717 sedem
1564 1676 1809 1727 elegerunt,
1841 1675 2189 1728 domosfibiquo-

365 1744 450 1784 quo
463 1732 593 1771 modo
605 1743 875 1782 comparant,
908 1732 1041 1782 &pro
1054 1730 1326 1771 facultatibus
1341 1730 1562 1772 aedificant.
1606 1732 1766 1771 Verum
1780 1731 1969 1782 quamvis
1981 1729 2077 1770 raro
2089 1743 2191 1771 con·

366 1784 503 1836 juncta
520 1816 531 1833 ,
560 1785 627 1825 sed
651 1784 810 1837 sparfim
837 1782 971 1825 ereeta
984 1785 1059 1825 fint
1073 1785 1266 1826 sublimia
1278 1784 1520 1837 Principum
1534 1812 1547 1830 ,
1581 1786 1624 1825 δέ
1640 1783 1847 1824 nobilium
1862 1785 2047 1826 virorum
2064 1783 2191 1825 aedifi-

371 1839 460 1885 cia3
495 1852 560 1879 tot
585 1852 725 1878 tamen
740 1851 787 1879 ea
799 1839 914 1884 sunt,
947 1839 1136 1891 tantique
1149 1853 1344 1886 ornatu53
1374 1853 1419 1879 ut
1436 1870 1447 1886 ‚
1479 1838 1503 1878 fi
1518 1838 1933 1888 fimulcollocentur,
1966 1852 2014 1878 ex
2027 1837 2090 1878 his
2104 1851 2191 1879 ma-

368 1906 448 1944 gna
471 1893 587 1935 Urbs
608 1892 831 1946 splendidis
855 1892 1039 1933 :edificiis
1059 1893 1274 1934 statuenda
1286 1893 1347 1934 fit.
1389 1894 1469 1934 His
1481 1893 1683 1933 accedunt
1697 1893 1842 1934 crebra
1855 1893 2063 1945 utriusque
2076 1894 2191 1933 sexus

159 1955 355 2011 Inszgniacoe-
372 1948 585 1988 Coenobia
600 1978 610 1995 ‚
646 1951 687 1988 δε
702 1960 830 2000 opera
843 1948 1122 2000 Templorum
1136 1947 1417 2000 pulcherrima
1432 1963 1443 1992 ;
1474 1960 1649 2000 quorum
1663 1948 1860 2000 pleraque
1874 1946 2104 1987 sufficerent
2115 1946 2190 1987 fin-

161 1997 248 2040 ‚tobia
260 2009 309 2042 (T

161 2057 299 2106 Unzpla.

373 2002 479 2054 gulis
494 2002 682 2043 Urbibus
710 1999 975 2043 illustrandis.
1017 2004 1118 2054 Quae
1142 2002 1286 2042 omnia
1308 2001 1670 2054 fiquiscomplecsti
1686 2002 1790 2042 velit
1804 2032 1816 2050 ,
1849 2000 2082 2042 Elenchum
2101 1999 2191 2040 Ro-

373 2069 590 2095 manorum
616 2055 888 2097 aedificiorum
909 2068 983 2108 per
1008 2056 1221 2109 Regiones
1233 2055 1367 2097 Urbis
1378 2056 1696 2109 quatuordecim
1711 2067 1937 2106 contexat,
1969 2068 2011 2096 ut
2024 2055 2126 2097 olim
2141 2053 2190 2095 P,

374 2110 549 2161 vidior,
581 2124 626 2152 ac
643 2110 788 2152 Sextus
804 2109 938 2153 Rufus
950 2110 1001 2151 de
1018 2111 1157 2151 Roma
1168 2109 1302 2152 veteri
1316 2108 1524 2153 fecerunt.

944 2242 1632 2305 FINIS‚

2113 2924 2198 2972 IN
