2251 3283
317 106 406 164 334
807 88 930 137 DE
1002 86 1280 137 URBE
1353 85 1663 137 ROMA.

323 173 509 222 eminet,
544 169 734 213 Farnesia
755 169 986 223 majestate.
1031 170 1135 211 Duae
1158 165 1385 209 inferiores
1412 167 1654 210 emarmore
1668 167 1860 211 sedentes
1873 169 1923 212 ad
1938 170 2164 223 tumulum,

326 243 450 269 mutae
476 227 605 280 magis
623 226 770 280 sepulti
793 225 1104 272 admiratione,
1143 222 1270 278 quam
1294 223 1451 264 duritie
1475 225 1652 278 lapidis,
1693 225 1855 278 prolixe
1878 239 2019 268 tamen
2041 240 2161 268 com-

326 284 527 325 mendant
550 282 715 336 opificis
735 295 901 322 manum
916 312 927 330 ,
960 278 1230 331 animumque
1247 278 1485 321 Pontificis.
1536 280 1585 320 Id
1606 281 1869 335 sepulchrum
1884 281 2161 322 locomotum

111 360 152 397 Et
167 356 282 394 urbani
326 342 493 380 summae
517 338 664 391 apsidis
686 338 773 391 pari
791 336 1108 384 loculamento,
1139 333 1410 388 digniorique
1425 334 1519 375 sede
1536 335 1735 378 Urbanus
1747 337 2000 389 composuit.
2045 339 2161 378 Con-

114 410 225 450 Vlss,
327 394 420 445 tra,
453 394 715 435 finistrorsum
744 392 811 432 sibi
837 391 1003 445 paravit
1029 392 1072 430 &
1099 389 1320 430 tumulum.
1360 388 1408 430 In
1425 402 1476 429 eo
1491 390 1739 431 colofleaest
1754 389 2008 444 ejuseffigies
2021 404 2162 432 exaere

326 449 377 490 ad
402 451 540 490 vivum
569 446 747 502 expressa
766 443 1391 497 pontificalilaxoqueamietu,
1422 459 1470 485 ac
1485 445 1661 497 thyara:
1695 446 2073 493 extensadextera,
2104 447 2166 486 se-

328 505 508 560 densque
533 502 804 545 benedicenti
830 500 983 541 similis.
1039 501 1137 541 Non
1163 499 1276 539 enim
1304 500 1478 541 haberet
1499 500 1817 541 similitudinem
1843 500 2051 550 viventis,
2093 500 2164 542 nisi

327 561 562 614 dispensare
584 560 692 599 dona
714 558 842 597 etiam
868 555 1084 595 videretur
1109 554 1130 594 ἐ
1152 554 1386 606 sepulchro.
1441 556 1649 596 Deorsum
1673 569 1780 595 urnae
1804 556 1944 604 locus,
1975 570 2024 597 ac
2045 558 2165 610 supet

325 629 426 656 urna
452 616 573 655 Mors
594 613 838 654 immortale
864 609 1028 652 Urbani
1054 622 1209 649 nomen
1232 610 1399 651 aeternis
1422 609 1674 651 Pontificum
1696 611 1914 651 annalibus
1937 611 2167 652 inscribens

325 671 487 711 duobus
503 671 623 716 hinc,
655 680 780 720 atque
796 666 918 714 hinc,
950 666 1087 706 altero
1100 663 1150 704 ad
1175 663 1379 716 Iustitiam
1397 697 1407 714 ,
1431 666 1569 705 altero
1581 666 1631 705 ad
1646 665 1912 706 Charitatem
1929 666 2166 719 exprimen-

112 735 224 769 status
326 725 421 766 dam
437 724 661 765 simulacris
675 721 929 762 constitutis.
975 722 1036 761 At
1053 720 1192 760 vacuis
1207 719 1276 759 sub
1293 720 1909 773 Hemisphaerioloculamentis
1923 751 1934 769 ,
1959 720 2171 762 alabastri-

111 797 284 820 marmoreae
326 792 368 820 te
392 780 590 833 varioque
606 776 924 831 peregrinorum
942 774 1127 827 lapidum
1144 788 1298 827 genere
1310 776 1497 816 crustatis
1511 776 1704 827 ingentes
1720 776 1930 817 Divorum
1945 775 2166 817 statuaslo-

110 838 140 870 in
152 834 277 885 Templo
324 835 406 875 cari
431 834 560 886 juffit,
592 845 770 885 quorum
798 829 1016 871 beneficiis
1039 843 1213 870 ornatur
1237 830 1436 871 Bafilica:
1473 833 1514 871 &
1534 832 1642 872 Aras
1664 830 1945 870 substruffisin
1962 830 2080 871 cellis
2093 831 2165 870 de-

109 886 306 923 S·P6’tri60l-
330 889 479 930 dicari.
524 890 563 929 V
579 888 612 927 E
631 887 667 927 R
682 887 722 927 O
739 887 779 927 N
797 887 814 926 Ι
833 886 866 925 C
887 887 922 926 A
950 885 1132 936 effigiem
1158 884 1353 925 dolorum
1374 885 1503 938 Regis
1517 916 1528 933 ‚
1560 897 1683 937 quarn
1708 885 1749 924 in
1765 884 1932 927 Urbem
1949 886 2139 937 portavit
2154 918 2166 935 ‚

107 937 221 974 Imm·
326 943 473 984 defixis
497 943 629 983 oculis
650 940 964 993 contemplatur
987 941 1027 980 in
1046 939 1197 980 linteo,
1241 941 1529 980 Atlaevorsum
1555 941 1595 981 H
1613 940 1645 980 E
1661 939 1695 979 L
1713 940 1747 980 E
1766 940 1805 980 N
1825 940 1862 979 A
1889 939 2066 991 Augusta
2082 942 2164 982 lm-

109 1003 219 1036 Statua
231 1001 264 1036 S.
323 999 427 1053 perii
443 1000 673 1049 sceptrum,
701 995 856 1036 vexillo
873 995 1332 1050 Cruciscommutavit.
1365 995 1535 1048 Quippe
1553 995 1871 1035 Cruceinventa
1883 994 2017 1048 coepit
2036 996 2168 1049 impe-

111 1053 267 1092 Verom'cx.
324 1067 434 1099 rare3
460 1068 553 1093 nam
571 1056 608 1093 δέ
628 1065 746 1091 antea
765 1051 957 1103 regnavit
974 1049 995 1090 ὲ
1012 1050 1128 1102 ligno
1143 1051 1269 1091 Deus.
1308 1050 1406 1090 Alia
1423 1063 1469 1090 ex
1485 1063 1600 1103 parte
1625 1051 1660 1090 A
1680 1052 1718 1091 N
1738 1052 1776 1092 D
1794 1049 1831 1090 R
1848 1049 1944 1090 EAE
1973 1052 2165 1104 Apostoli

109 1121 219 1155 Statua
233 1117 265 1150 S.
326 1109 585 1150 simulacrum
610 1107 745 1147 inhiat
763 1108 942 1146 Crucem
960 1137 970 1154 ‚
1004 1105 1067 1145 cui
1092 1105 1313 1144 brachium
1336 1104 1504 1156 injecit.
1550 1107 1696 1157 Neque
1721 1104 2169 1157 enimilletriumpha-

109 1168 247 1207 Hdenae.
324 1164 409 1204 lem
431 1177 595 1203 currum
621 1161 807 1206 deserat,
839 1173 922 1213 quo
937 1159 1110 1201 Coelum
1134 1160 1336 1200 intravit:
1370 1172 1620 1214 quamquam
1634 1172 1755 1213 caput
1768 1161 1962 1200 conserto
1976 1161 2168 1210 syderum

111 1235 224 1269 Statuae
237 1232 270 1267 5,
326 1218 486 1259 lumine
512 1231 760 1258 coronatum
788 1217 904 1268 super
927 1217 1110 1256 clatrato
1131 1213 1380 1255 conditorio
1402 1214 1664 1255 adorandum
1690 1216 1878 1268 reliquit.
1937 1216 2048 1256 Hinc
2069 1229 2169 1269 prae-

109 1282 272 1325 (Andreae.
329 1273 413 1314 fert
441 1273 475 1312 L
492 1275 532 1314 O
550 1276 587 1314 Ν
606 1275 641 1312 G
662 1273 676 1312 Ι
695 1274 731 1313 Ν
753 1271 797 1313 U
815 1271 839 1311 S
864 1270 1075 1311 Centurio
1099 1270 1285 1310 lanceam
1299 1269 1422 1311 beata
1438 1269 1602 1324 cuspide
1615 1269 1839 1322 praefixam.
1885 1270 2169 1323 Quippelatus

109 1348 266 1384 StatuaS.
331 1328 508 1371 Domini
531 1328 615 1368 sola
635 1327 820 1380 aperuit,
854 1338 897 1366 ut
924 1325 945 1366 ἑ
968 1325 1089 1366 vitali
1115 1323 1236 1364 fonte
1261 1325 1410 1365 flumen
1429 1326 1570 1366 salutis
1584 1326 1775 1366 eliceret.
1821 1326 2076 1378 Verumipsa
2093 1339 2167 1380 per

109 1400 246 1450 Longini,
325 1383 527 1424 armerum
561 1382 694 1422 divini
719 1380 928 1434 sanguinis
949 1381 1032 1434 jam
1056 1379 1176 1420 rebus
1196 1379 1389 1421 humanis
1411 1380 1633 1432 pretiosior
1656 1393 1784 1421 terras
1806 1379 2018 1433 sprevisset
2043 1412 2055 1429 ‚
2098 1382 2169 1423 nisi

169 1439 178 1450 ‘
328 1439 539 1490 Templo,
566 1438 677 1491 quod
697 1435 786 1477 fere
802 1438 980 1476 humana
995 1435 1176 1481 excedit,
1201 1435 1471 1476 conderetur.
1506 1435 1585 1477 His
1598 1435 1760 1486 magnis
1775 1434 1993 1475 statuarum
2014 1436 2168 1478 locula-

325 1495 481 1535 mentis
497 1494 577 1533 alia
592 1505 770 1548 quatuor
782 1491 963 1544 ejusdem
979 1490 1282 1543 magnitudinis
1295 1491 1522 1531 imminent
1539 1522 1548 1538 ‚
1573 1490 1737 1530 inducta
1753 1503 1854 1530 auro
1869 1521 1880 1538 ,
1904 1490 2169 1532 cochlidibus

328 1554 349 1590 e
374 1562 583 1589 marmore
607 1548 839 1595 columnis,
872 1546 1085 1600 epistiliis,
1122 1548 1163 1586 &
1188 1546 1359 1585 coronis
1382 1545 1592 1585 instructa.
1639 1543 1821 1597 Singulis
1835 1544 1987 1597 singula
2002 1547 2091 1585 sunt
2108 1560 2169 1587 te-

323 1604 539 1658 positoria,
565 1603 713 1655 quibus
728 1601 950 1642 Veronicae
965 1601 1161 1649 linteum,
1178 1599 1366 1641 Frnstum
1385 1600 1626 1641 Dominicae
1642 1600 1804 1646 Crucis,
1823 1599 1868 1640 Β.
1887 1601 2068 1641 Andreae
2085 1602 2167 1642 Ca-

324 1673 425 1714 put,
460 1657 646 1711 Longini
664 1657 831 1698 Lancea
853 1654 1166 1703 reconduntur,
1200 1654 1553 1708 ostendunturque
1576 1653 1688 1694 statis
1712 1654 1857 1694 diebus
1883 1668 2122 1695 marmoreo
2147 1655 2169 1696 ἐ

326 1713 460 1767 podio
484 1713 621 1754 subter
636 1712 844 1766 prostante
858 1739 870 1757 ,
906 1725 988 1750 non
1004 1710 1083 1750 sine
1100 1710 1311 1759 clamore,
1344 1724 1391 1751 ac
1407 1712 1518 1751 votis
1530 1709 1825 1751 venerantium
1843 1710 2029 1751 Civium.
2070 1711 2170 1753 Haec

327 1770 485 1810 habent
502 1767 796 1821 Hemisphaerii
812 1766 994 1819 parietes
1007 1765 1189 1818 angulosi
1204 1765 1397 1819 fiexique.

112 1831 250 1875 (Λιιξὶον
263 1832 293 1865 in
383 1824 617 1877 Sepulchto
640 1836 781 1863 autem
798 1821 1099 1874 Apostolorum
1114 1852 1127 1870 ‚
1158 1820 1270 1873 quod
1285 1820 1354 1860 sub
1369 1819 1554 1872 ejusdem
1570 1820 1765 1861 altissimo
1779 1820 1937 1861 vertice
1951 1820 2067 1861 situm
2084 1821 2138 1861 est
2155 1853 2166 1871 ,

109 1885 291 1935 ejusvitain
329 1879 477 1920 Paulus
494 1881 548 1920 V.
568 1877 914 1925 venerationem,
948 1876 1163 1915 &cultum
1177 1874 1432 1929 quaefiverat.
1476 1879 1576 1914 Nam
1595 1886 1754 1929 propter,
1782 1874 2033 1930 egestahumo,
2061 1875 2162 1915 laian-

111 1934 311 1972 adclittoneacl
330 1947 398 1974 tem
434 1933 645 1985 extrinsecas
668 1933 780 1971 licam
800 1934 946 1985 aperuit.
994 1931 1237 1983 Confeffionem
1255 1941 1456 1984 nuncupant
1469 1954 1482 1971 ‚
1520 1943 1626 1983 quam
1647 1929 1819 1983 obseptam
1839 1931 1994 1970 cancellis
2015 1944 2167 1970 marmo-

113 1989 300 2023 ciaconium.
328 1989 390 2029 reis
404 2013 417 2030 ,
452 2003 493 2028 ac
523 1986 797 2040 descendemibus
816 1985 990 2040 gradibus
1001 1984 1192 2038 jis-(justam
1210 1984 1362 2038 prestofis
1381 1984 1540 2038 lapidum
1559 1983 1708 2037 emistis,
1746 1985 1788 2025 ἐφ
1805 1986 1954 2039 figurato
1966 1988 2169 2040 pavimenti

327 2043 529 2084 emblemate
549 2041 757 2094 convestivit
773 2055 782 2074 -·
812 2043 987 2091 mftrz'ores
1005 2040 1123 2078 aditus
1139 2040 1275 2091 statuis
1295 2039 1527 2093 colummffiuc
1546 2038 1718 2078 decoratos
1739 2042 1913 2080 inauratis
1932 2054 1978 2079 ex
1998 2053 2063 2080 aere
2082 2040 2164 2078 val-

327 2103 384 2138 vis
413 2098 572 2149 occlusit:
608 2094 879 2149 laniprzdmnqne
900 2095 989 2134 mibi
1008 2095 1206 2134 ardentium
1227 2095 1364 2133 [cunina
1385 2093 1706 2149 czi'rnsplendoribtaes
1727 2096 1928 2135 Samiorum
1947 2094 2166 2143 lucerefoeli-

326 2158 411 2194 citer
438 2154 560 2192 voluit.
609 2152 763 2193 Adhuc
797 2164 937 2190 tamen
968 2150 1114 2190 deerat
1140 2151 1229 2191 Ara
1253 2174 1263 2193 ‚
1307 2151 1388 2190 five
1414 2151 1509 2190 Arae
1533 2150 1675 2189 Moles
1703 2150 1967 2202 superssru6ta
2002 2151 2167 2190 tumulo

330 2209 652 2263 Apostolorum.
700 2207 755 2246 Et
769 2206 837 2246 alii
854 2206 921 2245 sub
936 2205 1026 2245 aliis
1042 2204 1316 2246 Pontificibus
1329 2204 1460 2244 multa
1474 2236 1485 2253 ‚
1523 2218 1597 2244 nec
1614 2203 1780 2244 fortasse
1793 2204 1909 2257 paria
1925 2205 2004 2245 loci
2023 2205 2167 2246 saneti-

329 2264 409 2304 tati
441 2263 756 2316 excogitamus,
801 2274 926 2315 atque
961 2260 1277 2314 descripserant.
1336 2259 1535 2301 Urbanus
1562 2259 1716 2312 Equite
1746 2260 1906 2313 joanne
1932 2260 2167 2301 Laurentio

330 2320 520 2360 Bernino
556 2317 835 2366 Architecio,
876 2316 1020 2370 insigni
1056 2316 1196 2370 operis
1213 2347 1223 2364 ‚
1267 2316 1310 2354 δι’
1337 2315 1524 2355 materiae
1550 2314 1776 2356 nobilitate
1798 2314 1996 2367 perfecit.
2051 2315 2167 2355 Tota

115 2380 307 2428 Molesst-
334 2376 435 2416 ΜΟ
453 2374 487 2414 L
508 2375 541 2415 E
556 2374 579 2414 S
602 2372 705 2413 fusili
733 2385 779 2412 ex
797 2385 873 2411 cere
889 2371 1046 2412 constat
1062 2402 1073 2419 ‚
1105 2384 1206 2410 auro
1221 2370 1392 2410 subinde
1409 2370 1601 2410 interlita
1617 2402 1627 2418 ,
1659 2383 1704 2410 ut
1722 2370 1891 2411 misceat
1905 2369 2164 2423 perennitati

114 2431 295 2468 neaztumulo
327 2429 609 2483 splendorem.
654 2427 846 2467 Tor-tiles
867 2427 908 2466 in
935 2440 982 2467 ea
1003 2427 1207 2466 columnae
1228 2438 1407 2479 quatuor
1432 2425 1562 2465 ternis
1585 2425 1848 2479 portionibus
1863 2423 2164 2477 compactile&

116 2482 298 2537 (Alvos-solo·
330 2485 473 2526 infima
484 2498 602 2538 parte
617 2484 657 2523 in
674 2483 822 2536 spiram
839 2481 988 2522 striatae
1003 2513 1015 2530 ‚
1048 2480 1244 2522 tortuosis
1259 2482 1300 2520 δε
1322 2480 1342 2521 ἐ
1361 2480 1515 2521 folioso
1528 2480 1702 2520 caudice
1717 2480 2033 2531 erumpentibus
2046 2492 2168 2519 cana·

115 2534 296 2584 ''stus'‘l'ff·
331 2541 462 2582 libus:
501 2537 1225 2586 exindearbusculislaureisscapum
1240 2534 1963 2589 amplexisidentitemconvestitae3
1996 2547 2169 2588 quarum

114 2584 222 2638 P‘Jfim·
333 2596 505 2636 ramulis
529 2593 629 2634 aenei
654 2606 904 2647 quamquam
926 2593 1038 2644 pueri
1061 2590 1307 2641 colludunt,
1342 2592 1380 2630 δε
1397 2603 1498 2630 auro
1511 2590 2026 2643 guttataeinterquiescunt
2039 2602 2163 2642 apes:

331 2651 506 2704 perinde
528 2649 730 2689 duritiem
757 2648 845 2687 aeris
867 2661 940 2686 ore
967 2648 1187 2696 molliant,
1220 2661 1306 2700 quse
1323 2646 1398 2686 hac
1414 2643 1549 2686 ferrea
1562 2646 1770 2686 bellorum
1788 2657 1910 2685 aetate
1926 2643 2171 2683 nobismol-

332 2706 555 2747 litudinem
574 2704 691 2745 Pacis
705 2704 912 2742 aluerunt.
958 2703 1163 2742 Nituntur
1176 2703 1314 2742 colum
1325 2715 1380 2740 nce
1396 2701 1510 2753 spiris
1525 2701 1673 2741 asneis:
1707 2700 1767 2739 hae
1781 2699 1997 2752 stylobatis
2013 2697 2034 2738 ἐ
2050 2698 2167 2749 pario

336 2773 546 2802 marmore
562 2792 573 2809 ‚
612 2759 758 2812 quibus
785 2757 1047 2810 profilientes
1070 2758 1210 2809 anguli
1235 2755 1461 2797 rermCtum
1484 2770 1531 2796 ac
1555 2756 1670 2796 velut
1691 2755 1948 2795 alveolatum
1971 2752 2165 2806 ophitem

334 2816 573 2868 marginant
589 2847 600 2863 ‚
635 2815 925 2867 virgatumque
952 2812 1268 2852 versicoloribus
1283 2811 1478 2856 maculis,
1512 2809 1640 2850 modo
1652 2809 1815 2862 sparsis,
1849 2809 1891 2847 &
1907 2806 2168 2857 errantibus,

333 2872 462 2913 modo
476 2873 512 2911 se
528 2869 827 2924 colligentibus
839 2899 852 2918 ,
886 2868 925 2908 δέ
944 2867 1201 2909 convolutis.
1246 2870 1306 2908 At
1321 2866 1599 2907 exterioribus
1611 2863 1821 2920 quadratis
1834 2877 1880 2904 ex
1895 2862 2044 2903 eodem
2060 2874 2168 2900 mar-

2054 2928 2174 2956 more
