<?xml version="1.0" encoding="UTF-8"?>
<!DOCTYPE html PUBLIC "-//W3C//DTD XHTML 1.0 Transitional//EN"
    "http://www.w3.org/TR/xhtml1/DTD/xhtml1-transitional.dtd">
<html xmlns="http://www.w3.org/1999/xhtml" xml:lang="en" lang="en">
 <head>
  <title>
</title>
<meta http-equiv="Content-Type" content="text/html;charset=utf-8" />
  <meta name='ocr-system' content='tesseract 3.04.00' />
  <meta name='ocr-capabilities' content='ocr_page ocr_carea ocr_par ocr_line ocrx_word'/>
</head>
<body>
  <div class='ocr_page' id='page_1' title='image "./alexandridonatie00dona_0546.png"; bbox 0 0 2251 3283; ppageno 0'>
   <div class='ocr_carea' id='block_1_1' title="bbox 350 110 1722 173">
    <p class='ocr_par' dir='ltr' id='par_1_1' title="bbox 350 110 1722 173">
     <span class='ocr_line' id='line_1_1' title="bbox 350 110 1722 173; baseline 0.004 -19"><span class='ocrx_word' id='word_1_1' title='bbox 350 121 438 173; x_wconf 82' lang='lat'><strong>342</strong></span> <span class='ocrx_word' id='word_1_2' title='bbox 842 110 963 158; x_wconf 86' lang='lat' dir='ltr'><strong>DE</strong></span> <span class='ocrx_word' id='word_1_3' title='bbox 1033 110 1322 159; x_wconf 86' lang='lat' dir='ltr'>URBE</span> <span class='ocrx_word' id='word_1_4' title='bbox 1381 112 1722 163; x_wconf 63' lang='lat' dir='ltr'><strong>R·0&#39;MA.2</strong></span> 
     </span>
    </p>
   </div>
   <div class='ocr_carea' id='block_1_2' title="bbox 144 185 2191 254">
    <p class='ocr_par' dir='ltr' id='par_1_2' title="bbox 144 185 2191 254">
     <span class='ocr_line' id='line_1_2' title="bbox 144 185 2191 254; baseline 0.008 -29"><span class='ocrx_word' id='word_1_5' title='bbox 144 200 194 240; x_wconf 59' lang='lat' dir='ltr'><strong>gx</strong></span> <span class='ocrx_word' id='word_1_6' title='bbox 207 201 313 239; x_wconf 81' lang='lat' dir='ltr'><strong>litteris</strong></span> <span class='ocrx_word' id='word_1_7' title='bbox 346 187 388 226; x_wconf 89' lang='lat' dir='ltr'><strong>in</strong></span> <span class='ocrx_word' id='word_1_8' title='bbox 412 185 685 231; x_wconf 79' lang='lat' dir='ltr'><strong>fundamenta</strong></span> <span class='ocrx_word' id='word_1_9' title='bbox 705 188 888 244; x_wconf 81' lang='lat' dir='ltr'><strong>lapidem</strong></span> <span class='ocrx_word' id='word_1_10' title='bbox 914 191 1014 242; x_wconf 84' lang='lat' dir='ltr'><strong>jecit</strong></span> <span class='ocrx_word' id='word_1_11' title='bbox 1035 190 1085 231; x_wconf 90' lang='lat' dir='ltr'><strong>ad</strong></span> <span class='ocrx_word' id='word_1_12' title='bbox 1100 191 1274 232; x_wconf 88' lang='lat' dir='ltr'><strong>tertium</strong></span> <span class='ocrx_word' id='word_1_13' title='bbox 1286 191 1385 235; x_wconf 84' lang='lat' dir='ltr'><strong>Idus</strong></span> <span class='ocrx_word' id='word_1_14' title='bbox 1401 194 1583 247; x_wconf 86' lang='lat' dir='ltr'><strong>Januarii</strong></span> <span class='ocrx_word' id='word_1_15' title='bbox 1600 193 1820 250; x_wconf 77' lang='lat' dir='ltr'>Philippus</span> <span class='ocrx_word' id='word_1_16' title='bbox 1833 195 2191 254; x_wconf 81' lang='lat' dir='ltr'><strong>Boncompagnus</strong></span> 
     </span>
    </p>
   </div>
   <div class='ocr_carea' id='block_1_3' title="bbox 142 255 315 340">
    <p class='ocr_par' dir='ltr' id='par_1_3' title="bbox 142 255 315 340">
     <span class='ocr_line' id='line_1_3' title="bbox 143 255 315 288; baseline 0 0"><span class='ocrx_word' id='word_1_17' title='bbox 143 256 246 288; x_wconf 80' lang='lat' dir='ltr'><em>annuis</em></span> <span class='ocrx_word' id='word_1_18' title='bbox 258 255 315 288; x_wconf 88' lang='lat' dir='ltr'><strong>So-</strong></span> 
     </span>
     <span class='ocr_line' id='line_1_4' title="bbox 142 305 299 340; baseline 0.013 -2"><span class='ocrx_word' id='word_1_19' title='bbox 142 305 208 339; x_wconf 67' lang='grc' dir='ltr'><strong>εἰεί,</strong></span> <span class='ocrx_word' id='word_1_20' title='bbox 224 317 299 340; x_wconf 83' lang='lat' dir='ltr'><strong>anno</strong></span> 
     </span>
    </p>
   </div>
   <div class='ocr_carea' id='block_1_4' title="bbox 148 360 259 403">
    <p class='ocr_par' dir='ltr' id='par_1_4' title="bbox 148 360 259 403">
     <span class='ocr_line' id='line_1_5' title="bbox 148 360 259 403; baseline 0 -12"><span class='ocrx_word' id='word_1_21' title='bbox 148 360 259 403; x_wconf 83' lang='lat'>1582.</span> 
     </span>
    </p>
   </div>
   <div class='ocr_carea' id='block_1_5' title="bbox 142 827 343 1015">
    <p class='ocr_par' dir='ltr' id='par_1_5' title="bbox 142 827 343 1015">
     <span class='ocr_line' id='line_1_6' title="bbox 143 827 314 862; baseline 0.006 -1"><span class='ocrx_word' id='word_1_22' title='bbox 143 827 252 861; x_wconf 72' lang='lat' dir='ltr'><strong>Forma</strong></span> <span class='ocrx_word' id='word_1_23' title='bbox 264 827 314 862; x_wconf 63' lang='grc' dir='ltr'><strong>ΕΤ</strong></span> 
     </span>
     <span class='ocr_line' id='line_1_7' title="bbox 142 875 291 921; baseline 0.02 -12"><span class='ocrx_word' id='word_1_24' title='bbox 142 875 291 921; x_wconf 56' lang='lat' dir='ltr'><strong>[buffard</strong></span> 
     </span>
     <span class='ocr_line' id='line_1_8' title="bbox 144 927 343 976; baseline 0.015 -15"><span class='ocrx_word' id='word_1_25' title='bbox 144 927 269 976; x_wconf 63' lang='lat' dir='ltr'><strong>C&#39;olquii</strong></span> <span class='ocrx_word' id='word_1_26' title='bbox 276 941 330 963; x_wconf 81' lang='lat' dir='ltr'><strong>cx-</strong></span> <span class='ocrx_word' id='word_1_27' title='bbox 341 931 343 933; x_wconf 75' lang='grc'><strong>’</strong></span> 
     </span>
     <span class='ocr_line' id='line_1_9' title="bbox 142 984 246 1015; baseline 0.019 -2"><span class='ocrx_word' id='word_1_28' title='bbox 142 984 246 1015; x_wconf 70' lang='lat' dir='ltr'><strong>terior.</strong></span> 
     </span>
    </p>
   </div>
   <div class='ocr_carea' id='block_1_6' title="bbox 138 1565 309 1705">
    <p class='ocr_par' dir='ltr' id='par_1_6' title="bbox 138 1565 309 1705">
     <span class='ocr_line' id='line_1_10' title="bbox 164 1565 288 1602; baseline 0.016 -2"><span class='ocrx_word' id='word_1_29' title='bbox 164 1565 288 1602; x_wconf 55' lang='lat' dir='ltr'><strong>Littera</strong></span> 
     </span>
     <span class='ocr_line' id='line_1_11' title="bbox 138 1619 309 1652; baseline 0 0"><span class='ocrx_word' id='word_1_30' title='bbox 138 1630 242 1652; x_wconf 72' lang='lat' dir='ltr'><strong>annuae</strong></span> <span class='ocrx_word' id='word_1_31' title='bbox 253 1619 309 1652; x_wconf 81' lang='lat' dir='ltr'><strong>So-</strong></span> 
     </span>
     <span class='ocr_line' id='line_1_12' title="bbox 140 1670 293 1705; baseline 0 -3"><span class='ocrx_word' id='word_1_32' title='bbox 140 1670 208 1704; x_wconf 77' lang='lat' dir='ltr'><strong>ciet.</strong></span> <span class='ocrx_word' id='word_1_33' title='bbox 218 1682 293 1705; x_wconf 77' lang='lat' dir='ltr'><strong>anuo</strong></span> 
     </span>
    </p>
   </div>
   <div class='ocr_carea' id='block_1_7' title="bbox 145 1724 256 1769">
    <p class='ocr_par' dir='ltr' id='par_1_7' title="bbox 145 1724 256 1769">
     <span class='ocr_line' id='line_1_13' title="bbox 145 1724 256 1769; baseline 0 -13"><span class='ocrx_word' id='word_1_34' title='bbox 145 1724 256 1769; x_wconf 72' lang='lat'>1584.</span> 
     </span>
    </p>
   </div>
   <div class='ocr_carea' id='block_1_8' title="bbox 138 2156 334 2359">
    <p class='ocr_par' dir='ltr' id='par_1_8' title="bbox 138 2156 334 2359">
     <span class='ocr_line' id='line_1_14' title="bbox 140 2156 334 2205; baseline -0.005 -14"><span class='ocrx_word' id='word_1_35' title='bbox 140 2156 271 2205; x_wconf 50' lang='lat' dir='ltr'><strong>Cobscgiiz</strong></span> <span class='ocrx_word' id='word_1_36' title='bbox 292 2166 334 2190; x_wconf 68' lang='lat'><strong>70-</strong></span> 
     </span>
     <span class='ocr_line' id='line_1_15' title="bbox 138 2206 301 2242; baseline -0.006 0"><span class='ocrx_word' id='word_1_37' title='bbox 138 2218 168 2242; x_wconf 72' lang='lat' dir='ltr'><strong>to</strong></span> <span class='ocrx_word' id='word_1_38' title='bbox 182 2206 270 2242; x_wconf 75' lang='lat' dir='ltr'><strong>Orbe</strong></span> <span class='ocrx_word' id='word_1_39' title='bbox 281 2207 301 2241; x_wconf 71' lang='grc' dir='ltr'><em>ά</em></span> 
     </span>
     <span class='ocr_line' id='line_1_16' title="bbox 138 2260 285 2308; baseline 0.007 -16"><span class='ocrx_word' id='word_1_40' title='bbox 138 2260 285 2308; x_wconf 68' lang='lat' dir='ltr'><strong>Gregorio</strong></span> 
     </span>
     <span class='ocr_line' id='line_1_17' title="bbox 138 2308 304 2359; baseline 0.012 -15"><span class='ocrx_word' id='word_1_41' title='bbox 138 2308 304 2359; x_wconf 71' lang='lat' dir='ltr'><strong>constituta.</strong></span> 
     </span>
    </p>
   </div>
   <div class='ocr_carea' id='block_1_9' title="bbox 354 242 1487 302">
    <p class='ocr_par' dir='ltr' id='par_1_9' title="bbox 354 242 1487 302">
     <span class='ocr_line' id='line_1_18' title="bbox 354 242 1487 302; baseline 0.008 -20"><span class='ocrx_word' id='word_1_42' title='bbox 354 242 395 284; x_wconf 85' lang='lat' dir='ltr'><strong>S.</strong></span> <span class='ocrx_word' id='word_1_43' title='bbox 412 242 519 283; x_wconf 88' lang='lat' dir='ltr'><strong>Sixti</strong></span> <span class='ocrx_word' id='word_1_44' title='bbox 533 243 794 293; x_wconf 87' lang='lat' dir='ltr'><strong>Cardinalis,</strong></span> <span class='ocrx_word' id='word_1_45' title='bbox 829 246 970 287; x_wconf 87' lang='lat' dir='ltr'><strong>fratris</strong></span> <span class='ocrx_word' id='word_1_46' title='bbox 982 246 1117 296; x_wconf 87' lang='lat' dir='ltr'><strong>filius,</strong></span> <span class='ocrx_word' id='word_1_47' title='bbox 1146 246 1199 287; x_wconf 88' lang='lat' dir='ltr'><strong>fic</strong></span> <span class='ocrx_word' id='word_1_48' title='bbox 1213 247 1457 302; x_wconf 87' lang='lat' dir='ltr'><strong>inscriptum</strong></span> <span class='ocrx_word' id='word_1_49' title='bbox 1477 264 1487 291; x_wconf 74' lang='grc' dir='ltr'><strong><em>ι</em></strong></span> 
     </span>
    </p>
   </div>
   <div class='ocr_carea' id='block_1_10' title="bbox 354 341 2194 547">
    <p class='ocr_par' dir='ltr' id='par_1_10' title="bbox 354 341 2194 547">
     <span class='ocr_line' id='line_1_19' title="bbox 354 341 2194 412; baseline 0.006 -29"><span class='ocrx_word' id='word_1_50' title='bbox 354 341 577 404; x_wconf 68' lang='lat' dir='ltr'><strong>Relzgz‘onis</strong></span> <span class='ocrx_word' id='word_1_51' title='bbox 625 343 745 402; x_wconf 66' lang='lat' dir='ltr'><strong>causa</strong></span> <span class='ocrx_word' id='word_1_52' title='bbox 785 346 995 406; x_wconf 74' lang='lat' dir='ltr'><em>Gregorius</em></span> <span class='ocrx_word' id='word_1_53' title='bbox 1033 346 1082 386; x_wconf 86' lang='lat' dir='ltr'><em>X</em></span> <span class='ocrx_word' id='word_1_54' title='bbox 1099 347 1219 389; x_wconf 91' lang='lat' dir='ltr'><em>III.</em></span> <span class='ocrx_word' id='word_1_55' title='bbox 1271 350 1384 393; x_wconf 87' lang='lat' dir='ltr'><strong>Pont.</strong></span> <span class='ocrx_word' id='word_1_56' title='bbox 1429 350 1562 393; x_wconf 72' lang='lat' dir='ltr'><strong>Max.</strong></span> <span class='ocrx_word' id='word_1_57' title='bbox 1614 353 1761 394; x_wconf 76' lang='lat' dir='ltr'><strong>Bonan.</strong></span> <span class='ocrx_word' id='word_1_58' title='bbox 1807 349 1975 412; x_wconf 75' lang='lat' dir='ltr'><strong>collegii</strong></span> <span class='ocrx_word' id='word_1_59' title='bbox 2016 353 2194 396; x_wconf 79' lang='lat' dir='ltr'><strong>Romani</strong></span> 
     </span>
     <span class='ocr_line' id='line_1_20' title="bbox 354 407 2189 479; baseline 0.007 -30"><span class='ocrx_word' id='word_1_60' title='bbox 354 410 563 452; x_wconf 70' lang='lat' dir='ltr'><strong>Societatis</strong></span> <span class='ocrx_word' id='word_1_61' title='bbox 595 407 686 471; x_wconf 66' lang='lat' dir='ltr'><strong>Jesst</strong></span> <span class='ocrx_word' id='word_1_62' title='bbox 735 411 967 471; x_wconf 77' lang='lat' dir='ltr'><strong>amplz&#39;ffimo</strong></span> <span class='ocrx_word' id='word_1_63' title='bbox 1015 408 1180 454; x_wconf 55' lang='lat' dir='ltr'><strong>reddam</strong></span> <span class='ocrx_word' id='word_1_64' title='bbox 1226 414 1341 456; x_wconf 68' lang='grc' dir='ltr'><strong>ακὲῗί</strong></span> <span class='ocrx_word' id='word_1_65' title='bbox 1372 413 1521 458; x_wconf 61' lang='grc' dir='ltr'><em>υΕάεε</em></span> <span class='ocrx_word' id='word_1_66' title='bbox 1560 412 1617 457; x_wconf 75' lang='lat' dir='ltr'><strong>ad</strong></span> <span class='ocrx_word' id='word_1_67' title='bbox 1652 433 1785 460; x_wconf 84' lang='lat' dir='ltr'><strong>omnes</strong></span> <span class='ocrx_word' id='word_1_68' title='bbox 1814 419 1996 465; x_wconf 59' lang='lat' dir='ltr'><strong>&gt;marionis</strong></span> <span class='ocrx_word' id='word_1_69' title='bbox 2030 421 2189 479; x_wconf 82' lang='lat' dir='ltr'><strong>optimis</strong></span> 
     </span>
     <span class='ocr_line' id='line_1_21' title="bbox 354 472 2186 547; baseline 0.008 -32"><span class='ocrx_word' id='word_1_70' title='bbox 354 472 573 537; x_wconf 66' lang='lat' dir='ltr'><strong>dtsciplt&#39;nis</strong></span> <span class='ocrx_word' id='word_1_71' title='bbox 610 474 851 522; x_wconf 71' lang='lat' dir='ltr'><strong>erudiendas</strong></span> <span class='ocrx_word' id='word_1_72' title='bbox 889 493 957 521; x_wconf 78' lang='lat' dir='ltr'><strong>aere</strong></span> <span class='ocrx_word' id='word_1_73' title='bbox 997 474 1093 520; x_wconf 70' lang='lat' dir='ltr'><strong>dato</strong></span> <span class='ocrx_word' id='word_1_74' title='bbox 1135 491 1326 523; x_wconf 74' lang='lat' dir='ltr'><em>extruens</em></span> <span class='ocrx_word' id='word_1_75' title='bbox 1350 517 1362 534; x_wconf 85' lang='lat'>‚</span> <span class='ocrx_word' id='word_1_76' title='bbox 1405 484 1586 543; x_wconf 82' lang='lat' dir='ltr'><strong>primum</strong></span> <span class='ocrx_word' id='word_1_77' title='bbox 1628 485 1670 525; x_wconf 84' lang='lat' dir='ltr'><strong>in</strong></span> <span class='ocrx_word' id='word_1_78' title='bbox 1701 481 1982 542; x_wconf 71' lang='lat' dir='ltr'><strong>fundamenta</strong></span> <span class='ocrx_word' id='word_1_79' title='bbox 2010 483 2186 547; x_wconf 78' lang='lat' dir='ltr'><em>lapidem</em></span> 
     </span>
    </p>
   </div>
   <div class='ocr_carea' id='block_1_11' title="bbox 953 547 1589 602">
    <p class='ocr_par' dir='ltr' id='par_1_11' title="bbox 953 547 1589 602">
     <span class='ocr_line' id='line_1_22' title="bbox 953 547 1589 602; baseline 0.009 -17"><span class='ocrx_word' id='word_1_80' title='bbox 953 547 1145 602; x_wconf 81' lang='lat' dir='ltr'><strong>conjecit,</strong></span> <span class='ocrx_word' id='word_1_81' title='bbox 1180 548 1589 591; x_wconf 90' lang='lat' dir='ltr'><em>MDLXXXII.</em></span> 
     </span>
    </p>
   </div>
   <div class='ocr_carea' id='block_1_12' title="bbox 349 646 2190 1300">
    <p class='ocr_par' dir='ltr' id='par_1_12' title="bbox 349 646 2190 1300">
     <span class='ocr_line' id='line_1_23' title="bbox 404 646 2189 705; baseline 0.006 -19"><span class='ocrx_word' id='word_1_82' title='bbox 404 646 500 699; x_wconf 91' lang='lat' dir='ltr'><strong>Ipso</strong></span> <span class='ocrx_word' id='word_1_83' title='bbox 514 646 803 688; x_wconf 70' lang='lat' dir='ltr'><strong>aedificationis</strong></span> <span class='ocrx_word' id='word_1_84' title='bbox 816 646 941 687; x_wconf 90' lang='lat' dir='ltr'><strong>initio</strong></span> <span class='ocrx_word' id='word_1_85' title='bbox 956 662 1049 689; x_wconf 87' lang='lat' dir='ltr'><strong>cum</strong></span> <span class='ocrx_word' id='word_1_86' title='bbox 1065 648 1145 700; x_wconf 75' lang='lat' dir='ltr'><strong>jam</strong></span> <span class='ocrx_word' id='word_1_87' title='bbox 1160 651 1345 703; x_wconf 83' lang='lat' dir='ltr'><strong>surgeret</strong></span> <span class='ocrx_word' id='word_1_88' title='bbox 1358 664 1498 693; x_wconf 87' lang='lat' dir='ltr'><strong>murus</strong></span> <span class='ocrx_word' id='word_1_89' title='bbox 1511 683 1523 700; x_wconf 84' lang='lat'><em>,</em></span> <span class='ocrx_word' id='word_1_90' title='bbox 1557 649 1760 692; x_wconf 76' lang='lat' dir='ltr'><strong>Pontifex</strong></span> <span class='ocrx_word' id='word_1_91' title='bbox 1776 652 1943 694; x_wconf 81' lang='lat' dir='ltr'><strong>fabricae</strong></span> <span class='ocrx_word' id='word_1_92' title='bbox 1957 652 2075 705; x_wconf 76' lang='lat' dir='ltr'><strong>ipsius</strong></span> <span class='ocrx_word' id='word_1_93' title='bbox 2090 654 2189 696; x_wconf 84' lang='lat' dir='ltr'><strong>stru-</strong></span> 
     </span>
     <span class='ocr_line' id='line_1_24' title="bbox 353 699 2189 760; baseline 0.005 -20"><span class='ocrx_word' id='word_1_94' title='bbox 353 699 508 742; x_wconf 69' lang='lat' dir='ltr'><strong>‹sturam</strong></span> <span class='ocrx_word' id='word_1_95' title='bbox 533 702 736 754; x_wconf 83' lang='lat' dir='ltr'><strong>inspicere</strong></span> <span class='ocrx_word' id='word_1_96' title='bbox 759 702 921 748; x_wconf 77' lang='lat' dir='ltr'><strong>voluit3</strong></span> <span class='ocrx_word' id='word_1_97' title='bbox 963 717 1138 757; x_wconf 89' lang='lat' dir='ltr'><strong>cumque</strong></span> <span class='ocrx_word' id='word_1_98' title='bbox 1160 706 1266 745; x_wconf 88' lang='lat' dir='ltr'><strong>muri</strong></span> <span class='ocrx_word' id='word_1_99' title='bbox 1295 718 1456 759; x_wconf 84' lang='lat' dir='ltr'><strong>partem</strong></span> <span class='ocrx_word' id='word_1_100' title='bbox 1481 705 1644 746; x_wconf 83' lang='lat' dir='ltr'><strong>vidislet</strong></span> <span class='ocrx_word' id='word_1_101' title='bbox 1668 705 1841 760; x_wconf 73' lang='lat' dir='ltr'><strong>simplici</strong></span> <span class='ocrx_word' id='word_1_102' title='bbox 1869 720 1995 760; x_wconf 82' lang='lat' dir='ltr'><strong>opere</strong></span> <span class='ocrx_word' id='word_1_103' title='bbox 2009 709 2189 750; x_wconf 89' lang='lat' dir='ltr'><strong>constru-</strong></span> 
     </span>
     <span class='ocr_line' id='line_1_25' title="bbox 355 755 2186 814; baseline 0.005 -19"><span class='ocrx_word' id='word_1_104' title='bbox 355 755 462 795; x_wconf 67' lang='lat' dir='ltr'><strong>&amp;am</strong></span> <span class='ocrx_word' id='word_1_105' title='bbox 480 786 491 804; x_wconf 88' lang='lat'>,</span> <span class='ocrx_word' id='word_1_106' title='bbox 522 755 642 796; x_wconf 79' lang='lat' dir='ltr'><strong>illico</strong></span> <span class='ocrx_word' id='word_1_107' title='bbox 665 755 790 809; x_wconf 81' lang='lat' dir='ltr'><strong>dejici</strong></span> <span class='ocrx_word' id='word_1_108' title='bbox 817 756 950 807; x_wconf 73' lang='lat' dir='ltr'><strong>justit,</strong></span> <span class='ocrx_word' id='word_1_109' title='bbox 980 771 1105 814; x_wconf 85' lang='lat' dir='ltr'><strong>atque</strong></span> <span class='ocrx_word' id='word_1_110' title='bbox 1118 760 1501 812; x_wconf 84' lang='lat' dir='ltr'><strong>operelateritio&amp;</strong></span> <span class='ocrx_word' id='word_1_111' title='bbox 1523 760 1749 813; x_wconf 83' lang='lat' dir='ltr'><strong>magnifico</strong></span> <span class='ocrx_word' id='word_1_112' title='bbox 1763 760 1889 801; x_wconf 81' lang='lat' dir='ltr'><strong>refici.</strong></span> <span class='ocrx_word' id='word_1_113' title='bbox 1936 762 2045 803; x_wconf 78' lang='lat' dir='ltr'><strong>Turn</strong></span> <span class='ocrx_word' id='word_1_114' title='bbox 2060 764 2186 803; x_wconf 80' lang='lat' dir='ltr'><strong>aedifi-</strong></span> 
     </span>
     <span class='ocr_line' id='line_1_26' title="bbox 353 811 2187 869; baseline 0.005 -20"><span class='ocrx_word' id='word_1_115' title='bbox 353 811 567 850; x_wconf 87' lang='lat' dir='ltr'><strong>cationem</strong></span> <span class='ocrx_word' id='word_1_116' title='bbox 591 811 746 850; x_wconf 84' lang='lat' dir='ltr'><strong>strenue</strong></span> <span class='ocrx_word' id='word_1_117' title='bbox 771 813 1003 863; x_wconf 88' lang='lat' dir='ltr'><strong>promovit.</strong></span> <span class='ocrx_word' id='word_1_118' title='bbox 1048 814 1227 854; x_wconf 82' lang='lat' dir='ltr'><strong>Biennio</strong></span> <span class='ocrx_word' id='word_1_119' title='bbox 1252 814 1338 867; x_wconf 87' lang='lat' dir='ltr'><strong>post</strong></span> <span class='ocrx_word' id='word_1_120' title='bbox 1363 815 1405 854; x_wconf 89' lang='lat' dir='ltr'><strong>in</strong></span> <span class='ocrx_word' id='word_1_121' title='bbox 1429 827 1547 864; x_wconf 85' lang='lat' dir='ltr'><strong>eam,</strong></span> <span class='ocrx_word' id='word_1_122' title='bbox 1578 829 1656 869; x_wconf 87' lang='lat' dir='ltr'><strong>qua</strong></span> <span class='ocrx_word' id='word_1_123' title='bbox 1672 814 1901 866; x_wconf 65' lang='lat' dir='ltr'><strong>spectatur,</strong></span> <span class='ocrx_word' id='word_1_124' title='bbox 1934 816 2115 857; x_wconf 82' lang='lat' dir='ltr'><strong>formam</strong></span> <span class='ocrx_word' id='word_1_125' title='bbox 2132 819 2187 859; x_wconf 81' lang='lat' dir='ltr'><strong>est</strong></span> 
     </span>
     <span class='ocr_line' id='line_1_27' title="bbox 353 864 2187 924; baseline 0.005 -21"><span class='ocrx_word' id='word_1_126' title='bbox 353 864 614 917; x_wconf 70' lang='lat' dir='ltr'><strong>perduc&#39;tum.</strong></span> <span class='ocrx_word' id='word_1_127' title='bbox 659 865 841 906; x_wconf 80' lang='lat' dir='ltr'><strong>Externa</strong></span> <span class='ocrx_word' id='word_1_128' title='bbox 855 867 1039 919; x_wconf 85' lang='lat' dir='ltr'><strong>Collegii</strong></span> <span class='ocrx_word' id='word_1_129' title='bbox 1064 866 1398 909; x_wconf 81' lang='lat' dir='ltr'><strong>facieslatiffima</strong></span> <span class='ocrx_word' id='word_1_130' title='bbox 1415 868 1435 909; x_wconf 81' lang='grc' dir='ltr'>ὲ</span> <span class='ocrx_word' id='word_1_131' title='bbox 1451 870 1595 921; x_wconf 84' lang='lat' dir='ltr'><strong>grandi</strong></span> <span class='ocrx_word' id='word_1_132' title='bbox 1613 869 1861 924; x_wconf 83' lang='lat' dir='ltr'><strong>lapideaque</strong></span> <span class='ocrx_word' id='word_1_133' title='bbox 1874 883 2031 910; x_wconf 85' lang='lat' dir='ltr'><strong>corona</strong></span> <span class='ocrx_word' id='word_1_134' title='bbox 2046 872 2086 910; x_wconf 88' lang='lat' dir='ltr'><strong>in</strong></span> <span class='ocrx_word' id='word_1_135' title='bbox 2098 886 2187 913; x_wconf 86' lang='lat' dir='ltr'><strong>me-</strong></span> 
     </span>
     <span class='ocr_line' id='line_1_28' title="bbox 355 918 2190 978; baseline 0.005 -20"><span class='ocrx_word' id='word_1_136' title='bbox 355 918 427 958; x_wconf 89' lang='lat' dir='ltr'><strong>dio</strong></span> <span class='ocrx_word' id='word_1_137' title='bbox 451 919 634 966; x_wconf 83' lang='lat' dir='ltr'><strong>eminet,</strong></span> <span class='ocrx_word' id='word_1_138' title='bbox 675 932 765 959; x_wconf 87' lang='lat' dir='ltr'><strong>tum</strong></span> <span class='ocrx_word' id='word_1_139' title='bbox 790 920 939 960; x_wconf 89' lang='lat' dir='ltr'><strong>celsam</strong></span> <span class='ocrx_word' id='word_1_140' title='bbox 963 934 1077 963; x_wconf 82' lang='lat' dir='ltr'><strong>extat</strong></span> <span class='ocrx_word' id='word_1_141' title='bbox 1112 922 1152 962; x_wconf 92' lang='lat' dir='ltr'><strong>in</strong></span> <span class='ocrx_word' id='word_1_142' title='bbox 1170 922 1367 964; x_wconf 84' lang='lat' dir='ltr'><strong>Turrim:</strong></span> <span class='ocrx_word' id='word_1_143' title='bbox 1403 923 1562 963; x_wconf 88' lang='lat' dir='ltr'><strong>duobus</strong></span> <span class='ocrx_word' id='word_1_144' title='bbox 1587 923 1684 963; x_wconf 84' lang='lat' dir='ltr'><strong>hinc</strong></span> <span class='ocrx_word' id='word_1_145' title='bbox 1705 937 1828 977; x_wconf 87' lang='lat' dir='ltr'><strong>atque</strong></span> <span class='ocrx_word' id='word_1_146' title='bbox 1855 924 1953 964; x_wconf 86' lang='lat' dir='ltr'><strong>hinc</strong></span> <span class='ocrx_word' id='word_1_147' title='bbox 1977 925 2190 978; x_wconf 87' lang='lat' dir='ltr'><strong>supremos</strong></span> 
     </span>
     <span class='ocr_line' id='line_1_29' title="bbox 352 973 2187 1029; baseline 0.005 -17"><span class='ocrx_word' id='word_1_148' title='bbox 352 973 562 1013; x_wconf 84' lang='lat' dir='ltr'><strong>cancellos</strong></span> <span class='ocrx_word' id='word_1_149' title='bbox 597 973 889 1014; x_wconf 78' lang='lat' dir='ltr'><strong>claudentibus</strong></span> <span class='ocrx_word' id='word_1_150' title='bbox 920 977 1157 1017; x_wconf 63' lang='lat' dir='ltr'><strong>acroteriis‘.</strong></span> <span class='ocrx_word' id='word_1_151' title='bbox 1216 977 1377 1017; x_wconf 84' lang='lat' dir='ltr'><strong>Eadem</strong></span> <span class='ocrx_word' id='word_1_152' title='bbox 1410 978 1543 1017; x_wconf 83' lang='lat' dir='ltr'><strong>latere</strong></span> <span class='ocrx_word' id='word_1_153' title='bbox 1568 978 1751 1029; x_wconf 77' lang='lat' dir='ltr'><strong>cingitur</strong></span> <span class='ocrx_word' id='word_1_154' title='bbox 1771 978 1967 1029; x_wconf 77' lang='lat' dir='ltr'><strong>laevigato</strong></span> <span class='ocrx_word' id='word_1_155' title='bbox 1991 980 2120 1019; x_wconf 90' lang='lat' dir='ltr'><strong>modo</strong></span> <span class='ocrx_word' id='word_1_156' title='bbox 2144 981 2187 1021; x_wconf 85' lang='lat' dir='ltr'><strong>in</strong></span> 
     </span>
     <span class='ocr_line' id='line_1_30' title="bbox 351 1026 2188 1086; baseline 0.004 -19"><span class='ocrx_word' id='word_1_157' title='bbox 351 1026 497 1067; x_wconf 81' lang='lat' dir='ltr'><strong>fascias</strong></span> <span class='ocrx_word' id='word_1_158' title='bbox 519 1041 814 1082; x_wconf 82' lang='lat' dir='ltr'><strong>procurrente,</strong></span> <span class='ocrx_word' id='word_1_159' title='bbox 848 1030 977 1070; x_wconf 88' lang='lat' dir='ltr'><strong>modo</strong></span> <span class='ocrx_word' id='word_1_160' title='bbox 1001 1033 1184 1072; x_wconf 64' lang='lat' dir='ltr'><strong>retracto</strong></span> <span class='ocrx_word' id='word_1_161' title='bbox 1201 1031 1242 1070; x_wconf 71' lang='grc' dir='ltr'><strong>δε</strong></span> <span class='ocrx_word' id='word_1_162' title='bbox 1259 1045 1500 1085; x_wconf 76' lang='lat' dir='ltr'><strong>exaequato:</strong></span> <span class='ocrx_word' id='word_1_163' title='bbox 1534 1032 2119 1086; x_wconf 80' lang='lat' dir='ltr'><strong>angulatiseademlapidibus</strong></span> <span class='ocrx_word' id='word_1_164' title='bbox 2134 1036 2188 1074; x_wconf 85' lang='lat' dir='ltr'><strong>ti-</strong></span> 
     </span>
     <span class='ocr_line' id='line_1_31' title="bbox 349 1082 2187 1141; baseline 0.004 -20"><span class='ocrx_word' id='word_1_165' title='bbox 349 1082 551 1130; x_wconf 88' lang='lat' dir='ltr'><strong>burtinis,</strong></span> <span class='ocrx_word' id='word_1_166' title='bbox 583 1082 1312 1138; x_wconf 70' lang='lat' dir='ltr'><strong>antaruminstarprojeffismunita,</strong></span> <span class='ocrx_word' id='word_1_167' title='bbox 1345 1100 1425 1126; x_wconf 89' lang='lat' dir='ltr'><strong>non</strong></span> <span class='ocrx_word' id='word_1_168' title='bbox 1440 1086 1519 1126; x_wconf 78' lang='lat' dir='ltr'><strong>sine</strong></span> <span class='ocrx_word' id='word_1_169' title='bbox 1534 1087 1787 1137; x_wconf 84' lang='lat' dir='ltr'><strong>multiplici,</strong></span> <span class='ocrx_word' id='word_1_170' title='bbox 1820 1087 2187 1141; x_wconf 67' lang='lat' dir='ltr'><strong>dir-eetoqueordi-</strong></span> 
     </span>
     <span class='ocr_line' id='line_1_32' title="bbox 350 1136 2184 1195; baseline 0.004 -19"><span class='ocrx_word' id='word_1_171' title='bbox 350 1149 400 1176; x_wconf 88' lang='lat' dir='ltr'><strong>ne</strong></span> <span class='ocrx_word' id='word_1_172' title='bbox 417 1138 652 1189; x_wconf 85' lang='lat' dir='ltr'><strong>patentium</strong></span> <span class='ocrx_word' id='word_1_173' title='bbox 667 1136 951 1180; x_wconf 76' lang='lat' dir='ltr'><strong>fenestrarum.</strong></span> <span class='ocrx_word' id='word_1_174' title='bbox 995 1139 1140 1180; x_wconf 81' lang='lat' dir='ltr'><strong>Media</strong></span> <span class='ocrx_word' id='word_1_175' title='bbox 1156 1153 1246 1190; x_wconf 88' lang='lat' dir='ltr'><strong>pars</strong></span> <span class='ocrx_word' id='word_1_176' title='bbox 1257 1140 1450 1194; x_wconf 88' lang='lat' dir='ltr'><strong>Gregorii</strong></span> <span class='ocrx_word' id='word_1_177' title='bbox 1466 1141 1724 1181; x_wconf 81' lang='lat' dir='ltr'><strong>simulacrum</strong></span> <span class='ocrx_word' id='word_1_178' title='bbox 1740 1141 1780 1181; x_wconf 89' lang='lat' dir='ltr'><strong>in</strong></span> <span class='ocrx_word' id='word_1_179' title='bbox 1795 1141 1933 1182; x_wconf 88' lang='lat' dir='ltr'><strong>loculo</strong></span> <span class='ocrx_word' id='word_1_180' title='bbox 1945 1145 2184 1195; x_wconf 84' lang='lat' dir='ltr'><strong>ponendum</strong></span> 
     </span>
     <span class='ocr_line' id='line_1_33' title="bbox 351 1191 2181 1252; baseline 0.005 -23"><span class='ocrx_word' id='word_1_181' title='bbox 351 1191 570 1244; x_wconf 57' lang='lat' dir='ltr'><strong>expeCMt:</strong></span> <span class='ocrx_word' id='word_1_182' title='bbox 606 1192 806 1245; x_wconf 80' lang='lat' dir='ltr'><strong>altiusque</strong></span> <span class='ocrx_word' id='word_1_183' title='bbox 829 1193 1022 1247; x_wconf 77' lang='lat' dir='ltr'><strong>impolita</strong></span> <span class='ocrx_word' id='word_1_184' title='bbox 1048 1194 1412 1248; x_wconf 84' lang='lat' dir='ltr'><strong>ejusdeminfignia</strong></span> <span class='ocrx_word' id='word_1_185' title='bbox 1427 1196 1590 1250; x_wconf 81' lang='lat' dir='ltr'><strong>egregie</strong></span> <span class='ocrx_word' id='word_1_186' title='bbox 1605 1197 1760 1250; x_wconf 81' lang='lat' dir='ltr'><strong>sculpta</strong></span> <span class='ocrx_word' id='word_1_187' title='bbox 1773 1196 1981 1247; x_wconf 85' lang='lat' dir='ltr'><strong>ostendit,</strong></span> <span class='ocrx_word' id='word_1_188' title='bbox 2012 1198 2079 1237; x_wconf 80' lang='lat' dir='ltr'><strong>sub</strong></span> <span class='ocrx_word' id='word_1_189' title='bbox 2094 1199 2181 1252; x_wconf 81' lang='lat' dir='ltr'><strong>qui-</strong></span> 
     </span>
     <span class='ocr_line' id='line_1_34' title="bbox 350 1245 1289 1300; baseline 0.005 -15"><span class='ocrx_word' id='word_1_190' title='bbox 350 1245 426 1286; x_wconf 87' lang='lat' dir='ltr'><strong>bus</strong></span> <span class='ocrx_word' id='word_1_191' title='bbox 440 1246 582 1286; x_wconf 80' lang='lat' dir='ltr'><strong>titulus</strong></span> <span class='ocrx_word' id='word_1_192' title='bbox 595 1248 734 1300; x_wconf 86' lang='lat' dir='ltr'><strong>operis</strong></span> <span class='ocrx_word' id='word_1_193' title='bbox 747 1248 787 1286; x_wconf 90' lang='lat' dir='ltr'><strong>in</strong></span> <span class='ocrx_word' id='word_1_194' title='bbox 804 1261 1013 1289; x_wconf 78' lang='lat' dir='ltr'><strong>marmore</strong></span> <span class='ocrx_word' id='word_1_195' title='bbox 1026 1248 1289 1290; x_wconf 82' lang='lat' dir='ltr'><strong>inscribitur:</strong></span> 
     </span>
    </p>
   </div>
   <div class='ocr_carea' id='block_1_13' title="bbox 417 1329 2116 1379">
    <p class='ocr_par' dir='ltr' id='par_1_13' title="bbox 417 1329 2116 1379">
     <span class='ocr_line' id='line_1_35' title="bbox 417 1329 2116 1379; baseline 0.001 -3"><span class='ocrx_word' id='word_1_196' title='bbox 417 1329 815 1378; x_wconf 72' lang='lat' dir='ltr'>GREGORIVS</span> <span class='ocrx_word' id='word_1_197' title='bbox 847 1331 976 1376; x_wconf 89' lang='lat' dir='ltr'>XIII.</span> <span class='ocrx_word' id='word_1_198' title='bbox 1022 1329 1394 1379; x_wconf 78' lang='lat' dir='ltr'>RELIGIONI</span> <span class='ocrx_word' id='word_1_199' title='bbox 1438 1331 1529 1378; x_wconf 88' lang='lat' dir='ltr'><strong>ET</strong></span> <span class='ocrx_word' id='word_1_200' title='bbox 1573 1329 1776 1379; x_wconf 86' lang='lat' dir='ltr'>BONIS</span> <span class='ocrx_word' id='word_1_201' title='bbox 1819 1331 2116 1379; x_wconf 82' lang='lat' dir='ltr'>ARTIBVS.</span> 
     </span>
    </p>
   </div>
   <div class='ocr_carea' id='block_1_14' title="bbox 346 1435 2182 2362">
    <p class='ocr_par' dir='ltr' id='par_1_14' title="bbox 346 1435 2182 2362">
     <span class='ocr_line' id='line_1_36' title="bbox 351 1435 2178 1491; baseline 0.001 -14"><span class='ocrx_word' id='word_1_202' title='bbox 351 1436 558 1477; x_wconf 89' lang='lat' dir='ltr'><strong>Deorsum</strong></span> <span class='ocrx_word' id='word_1_203' title='bbox 580 1435 630 1475; x_wconf 84' lang='lat' dir='ltr'><strong>ad</strong></span> <span class='ocrx_word' id='word_1_204' title='bbox 654 1435 794 1487; x_wconf 78' lang='lat' dir='ltr'><strong>justam</strong></span> <span class='ocrx_word' id='word_1_205' title='bbox 821 1436 987 1477; x_wconf 73' lang='lat' dir='ltr'><strong>aedificii</strong></span> <span class='ocrx_word' id='word_1_206' title='bbox 1013 1436 1192 1479; x_wconf 79' lang='lat' dir='ltr'><strong>formam</strong></span> <span class='ocrx_word' id='word_1_207' title='bbox 1213 1437 1363 1491; x_wconf 84' lang='lat' dir='ltr'><strong>duplex</strong></span> <span class='ocrx_word' id='word_1_208' title='bbox 1377 1436 1694 1483; x_wconf 83' lang='lat' dir='ltr'><strong>ostiumhabet,</strong></span> <span class='ocrx_word' id='word_1_209' title='bbox 1727 1436 2178 1490; x_wconf 81' lang='lat' dir='ltr'><strong>pulcherrimisinstru-</strong></span> 
     </span>
     <span class='ocr_line' id='line_1_37' title="bbox 349 1489 2182 1545; baseline 0.003 -16"><span class='ocrx_word' id='word_1_210' title='bbox 349 1489 458 1530; x_wconf 66' lang='lat' dir='ltr'><strong>&amp;um</strong></span> <span class='ocrx_word' id='word_1_211' title='bbox 482 1493 849 1544; x_wconf 77' lang='lat' dir='ltr'><strong>antepagmentis,</strong></span> <span class='ocrx_word' id='word_1_212' title='bbox 884 1493 926 1531; x_wconf 66' lang='grc' dir='ltr'><strong>δέ</strong></span> <span class='ocrx_word' id='word_1_213' title='bbox 950 1505 1123 1533; x_wconf 85' lang='lat' dir='ltr'><strong>arcuato</strong></span> <span class='ocrx_word' id='word_1_214' title='bbox 1145 1494 1396 1544; x_wconf 84' lang='lat' dir='ltr'><strong>supercilio,</strong></span> <span class='ocrx_word' id='word_1_215' title='bbox 1429 1493 1538 1545; x_wconf 90' lang='lat' dir='ltr'><strong>quod</strong></span> <span class='ocrx_word' id='word_1_216' title='bbox 1555 1491 2046 1544; x_wconf 76' lang='lat' dir='ltr'><strong>pr0tliyridessustinent.</strong></span> <span class='ocrx_word' id='word_1_217' title='bbox 2091 1495 2182 1535; x_wconf 90' lang='lat' dir='ltr'><strong>Ho-</strong></span> 
     </span>
     <span class='ocr_line' id='line_1_38' title="bbox 350 1545 2179 1598; baseline 0.003 -15"><span class='ocrx_word' id='word_1_218' title='bbox 350 1558 437 1584; x_wconf 90' lang='lat' dir='ltr'><strong>rum</strong></span> <span class='ocrx_word' id='word_1_219' title='bbox 462 1559 588 1585; x_wconf 87' lang='lat' dir='ltr'><strong>unum</strong></span> <span class='ocrx_word' id='word_1_220' title='bbox 609 1545 849 1585; x_wconf 85' lang='lat' dir='ltr'><strong>auditorum</strong></span> <span class='ocrx_word' id='word_1_221' title='bbox 870 1547 1103 1598; x_wconf 87' lang='lat' dir='ltr'><strong>quamlibet</strong></span> <span class='ocrx_word' id='word_1_222' title='bbox 1124 1547 1442 1587; x_wconf 74' lang='lat' dir='ltr'><strong>multitudinem</strong></span> <span class='ocrx_word' id='word_1_223' title='bbox 1463 1546 1644 1598; x_wconf 87' lang='lat' dir='ltr'><strong>excipit,</strong></span> <span class='ocrx_word' id='word_1_224' title='bbox 1679 1545 1962 1598; x_wconf 88' lang='lat' dir='ltr'><strong>vestibuloque</strong></span> <span class='ocrx_word' id='word_1_225' title='bbox 1988 1549 2122 1588; x_wconf 87' lang='lat' dir='ltr'><strong>mittit</strong></span> <span class='ocrx_word' id='word_1_226' title='bbox 2137 1549 2179 1588; x_wconf 89' lang='lat' dir='ltr'><strong>in</strong></span> 
     </span>
     <span class='ocr_line' id='line_1_39' title="bbox 349 1599 2180 1652; baseline 0.002 -13"><span class='ocrx_word' id='word_1_227' title='bbox 349 1599 502 1639; x_wconf 85' lang='lat' dir='ltr'><strong>atrium</strong></span> <span class='ocrx_word' id='word_1_228' title='bbox 515 1599 748 1651; x_wconf 65' lang='lat' dir='ltr'><strong>Gymmfii,</strong></span> <span class='ocrx_word' id='word_1_229' title='bbox 783 1603 823 1641; x_wconf 88' lang='lat'>&amp;</span> <span class='ocrx_word' id='word_1_230' title='bbox 841 1601 919 1642; x_wconf 85' lang='lat' dir='ltr'><strong>illo</strong></span> <span class='ocrx_word' id='word_1_231' title='bbox 932 1614 1154 1643; x_wconf 81' lang='lat' dir='ltr'><strong>exeuntem</strong></span> <span class='ocrx_word' id='word_1_232' title='bbox 1169 1601 1325 1642; x_wconf 84' lang='lat' dir='ltr'><strong>reddit.</strong></span> <span class='ocrx_word' id='word_1_233' title='bbox 1367 1600 1503 1645; x_wconf 74' lang='lat' dir='ltr'><strong>Porro</strong></span> <span class='ocrx_word' id='word_1_234' title='bbox 1520 1600 1765 1652; x_wconf 87' lang='lat' dir='ltr'><strong>impluvium</strong></span> <span class='ocrx_word' id='word_1_235' title='bbox 1781 1601 2180 1643; x_wconf 68' lang='lat' dir='ltr'><strong>coetililaterestra-</strong></span> 
     </span>
     <span class='ocr_line' id='line_1_40' title="bbox 351 1654 2180 1708; baseline 0.001 -15"><span class='ocrx_word' id='word_1_236' title='bbox 351 1665 438 1693; x_wconf 87' lang='lat' dir='ltr'><strong>tum</strong></span> <span class='ocrx_word' id='word_1_237' title='bbox 457 1684 468 1702; x_wconf 87' lang='lat'>‚</span> <span class='ocrx_word' id='word_1_238' title='bbox 502 1654 715 1694; x_wconf 86' lang='lat' dir='ltr'><strong>radiorum</strong></span> <span class='ocrx_word' id='word_1_239' title='bbox 740 1654 858 1695; x_wconf 84' lang='lat' dir='ltr'><strong>instar</strong></span> <span class='ocrx_word' id='word_1_240' title='bbox 881 1656 1210 1696; x_wconf 86' lang='lat' dir='ltr'><strong>intercurrentes</strong></span> <span class='ocrx_word' id='word_1_241' title='bbox 1233 1654 1402 1696; x_wconf 87' lang='lat' dir='ltr'><strong>candidi</strong></span> <span class='ocrx_word' id='word_1_242' title='bbox 1428 1655 1579 1706; x_wconf 79' lang='lat' dir='ltr'><strong>lapidis</strong></span> <span class='ocrx_word' id='word_1_243' title='bbox 1591 1654 1740 1706; x_wconf 83' lang='lat' dir='ltr'><strong>patulae</strong></span> <span class='ocrx_word' id='word_1_244' title='bbox 1755 1669 1801 1695; x_wconf 87' lang='lat' dir='ltr'><strong>ac</strong></span> <span class='ocrx_word' id='word_1_245' title='bbox 1815 1656 2035 1707; x_wconf 70' lang='lat' dir='ltr'><strong>perpolitae</strong></span> <span class='ocrx_word' id='word_1_246' title='bbox 2049 1657 2180 1708; x_wconf 81' lang='lat' dir='ltr'><strong>glebae</strong></span> 
     </span>
     <span class='ocr_line' id='line_1_41' title="bbox 349 1708 2179 1763; baseline 0.001 -15"><span class='ocrx_word' id='word_1_247' title='bbox 349 1708 392 1748; x_wconf 90' lang='lat' dir='ltr'><strong>in</strong></span> <span class='ocrx_word' id='word_1_248' title='bbox 415 1709 571 1761; x_wconf 86' lang='lat' dir='ltr'><strong>syderis</strong></span> <span class='ocrx_word' id='word_1_249' title='bbox 595 1709 777 1762; x_wconf 85' lang='lat' dir='ltr'><strong>speciem</strong></span> <span class='ocrx_word' id='word_1_250' title='bbox 802 1710 980 1762; x_wconf 80' lang='lat' dir='ltr'><strong>figurant</strong></span> <span class='ocrx_word' id='word_1_251' title='bbox 1001 1725 1010 1751; x_wconf 75' lang='grc' dir='ltr'><strong><em>ε</em></strong></span> <span class='ocrx_word' id='word_1_252' title='bbox 1045 1724 1132 1749; x_wconf 87' lang='lat' dir='ltr'><strong>tum</strong></span> <span class='ocrx_word' id='word_1_253' title='bbox 1147 1723 1354 1762; x_wconf 76' lang='lat' dir='ltr'><strong>quaternae</strong></span> <span class='ocrx_word' id='word_1_254' title='bbox 1370 1710 1560 1755; x_wconf 81' lang='lat' dir='ltr'><strong>ambiunt</strong></span> <span class='ocrx_word' id='word_1_255' title='bbox 1573 1708 1864 1762; x_wconf 61' lang='lat' dir='ltr'><strong>quadrataque</strong></span> <span class='ocrx_word' id='word_1_256' title='bbox 1879 1711 2064 1763; x_wconf 82' lang='lat' dir='ltr'><strong>porticus</strong></span> <span class='ocrx_word' id='word_1_257' title='bbox 2077 1711 2179 1750; x_wconf 83' lang='lat' dir='ltr'><strong>nixae</strong></span> 
     </span>
     <span class='ocr_line' id='line_1_42' title="bbox 346 1761 2181 1817; baseline 0.002 -15"><span class='ocrx_word' id='word_1_258' title='bbox 346 1763 442 1816; x_wconf 86' lang='lat' dir='ltr'><strong>pilis</strong></span> <span class='ocrx_word' id='word_1_259' title='bbox 465 1763 680 1803; x_wconf 87' lang='lat' dir='ltr'><strong>Tiburtini</strong></span> <span class='ocrx_word' id='word_1_260' title='bbox 707 1764 874 1817; x_wconf 73' lang='lat' dir='ltr'><strong>lapidis.</strong></span> <span class='ocrx_word' id='word_1_261' title='bbox 927 1765 962 1804; x_wconf 84' lang='lat' dir='ltr'>E</span> <span class='ocrx_word' id='word_1_262' title='bbox 983 1764 1081 1817; x_wconf 84' lang='lat' dir='ltr'><strong>pilis</strong></span> <span class='ocrx_word' id='word_1_263' title='bbox 1101 1778 1206 1804; x_wconf 84' lang='lat' dir='ltr'><strong>antae</strong></span> <span class='ocrx_word' id='word_1_264' title='bbox 1231 1764 1439 1817; x_wconf 82' lang='lat' dir='ltr'><strong>prostant,</strong></span> <span class='ocrx_word' id='word_1_265' title='bbox 1471 1761 1699 1805; x_wconf 86' lang='lat' dir='ltr'><strong>inferiores</strong></span> <span class='ocrx_word' id='word_1_266' title='bbox 1726 1764 1859 1804; x_wconf 88' lang='lat' dir='ltr'><strong>Ionici</strong></span> <span class='ocrx_word' id='word_1_267' title='bbox 1886 1765 2080 1815; x_wconf 84' lang='lat' dir='ltr'><strong>generis:</strong></span> <span class='ocrx_word' id='word_1_268' title='bbox 2115 1765 2181 1805; x_wconf 85' lang='lat' dir='ltr'><strong>his</strong></span> 
     </span>
     <span class='ocr_line' id='line_1_43' title="bbox 348 1817 2182 1870; baseline 0.002 -14"><span class='ocrx_word' id='word_1_269' title='bbox 348 1830 452 1857; x_wconf 87' lang='lat' dir='ltr'><strong>vero</strong></span> <span class='ocrx_word' id='word_1_270' title='bbox 466 1817 757 1869; x_wconf 82' lang='lat' dir='ltr'><strong>superstantes,</strong></span> <span class='ocrx_word' id='word_1_271' title='bbox 792 1819 1038 1864; x_wconf 78' lang='lat' dir='ltr'><strong>Corinthii3</strong></span> <span class='ocrx_word' id='word_1_272' title='bbox 1068 1819 1215 1870; x_wconf 87' lang='lat' dir='ltr'><strong>quibus</strong></span> <span class='ocrx_word' id='word_1_273' title='bbox 1230 1818 1649 1869; x_wconf 74' lang='lat' dir='ltr'><strong>Epistilia&amp;coronae</strong></span> <span class='ocrx_word' id='word_1_274' title='bbox 1666 1817 1927 1859; x_wconf 84' lang='lat' dir='ltr'><strong>incumbunt.</strong></span> <span class='ocrx_word' id='word_1_275' title='bbox 1973 1818 2086 1859; x_wconf 88' lang='lat' dir='ltr'><strong>Binis</strong></span> <span class='ocrx_word' id='word_1_276' title='bbox 2099 1820 2182 1859; x_wconf 88' lang='lat' dir='ltr'><strong>sca-</strong></span> 
     </span>
     <span class='ocr_line' id='line_1_44' title="bbox 348 1872 2182 1927; baseline 0 -14"><span class='ocrx_word' id='word_1_277' title='bbox 348 1873 398 1913; x_wconf 88' lang='lat' dir='ltr'><strong>lis</strong></span> <span class='ocrx_word' id='word_1_278' title='bbox 419 1873 457 1912; x_wconf 94' lang='lat' dir='ltr'><strong>se</strong></span> <span class='ocrx_word' id='word_1_279' title='bbox 479 1885 624 1912; x_wconf 90' lang='lat' dir='ltr'><strong>mutuo</strong></span> <span class='ocrx_word' id='word_1_280' title='bbox 650 1872 671 1913; x_wconf 77' lang='grc' dir='ltr'>ἐ</span> <span class='ocrx_word' id='word_1_281' title='bbox 695 1873 1352 1927; x_wconf 67' lang='lat' dir='ltr'><strong>regione{pestantibusascensus</strong></span> <span class='ocrx_word' id='word_1_282' title='bbox 1370 1872 1421 1912; x_wconf 89' lang='lat' dir='ltr'><strong>est</strong></span> <span class='ocrx_word' id='word_1_283' title='bbox 1433 1873 1724 1925; x_wconf 86' lang='lat' dir='ltr'><strong>adsuperiores</strong></span> <span class='ocrx_word' id='word_1_284' title='bbox 1738 1872 1945 1923; x_wconf 87' lang='lat' dir='ltr'><strong>porticus,</strong></span> <span class='ocrx_word' id='word_1_285' title='bbox 1979 1874 2182 1925; x_wconf 84' lang='lat' dir='ltr'><strong>quaelapi-</strong></span> 
     </span>
     <span class='ocr_line' id='line_1_45' title="bbox 347 1926 2181 1980; baseline 0.002 -15"><span class='ocrx_word' id='word_1_286' title='bbox 347 1926 436 1966; x_wconf 81' lang='lat' dir='ltr'><strong>deis</strong></span> <span class='ocrx_word' id='word_1_287' title='bbox 462 1927 688 1968; x_wconf 84' lang='lat' dir='ltr'><strong>moenianis</strong></span> <span class='ocrx_word' id='word_1_288' title='bbox 709 1928 976 1968; x_wconf 83' lang='lat' dir='ltr'><strong>cancellatim</strong></span> <span class='ocrx_word' id='word_1_289' title='bbox 1001 1928 1287 1980; x_wconf 83' lang='lat' dir='ltr'><strong>marginantur</strong></span> <span class='ocrx_word' id='word_1_290' title='bbox 1310 1926 1361 1968; x_wconf 85' lang='lat' dir='ltr'><strong>ad</strong></span> <span class='ocrx_word' id='word_1_291' title='bbox 1374 1926 1734 1980; x_wconf 86' lang='lat' dir='ltr'><strong>pulchritudinem</strong></span> <span class='ocrx_word' id='word_1_292' title='bbox 1751 1926 1865 1966; x_wconf 79' lang='lat' dir='ltr'><strong>simul</strong></span> <span class='ocrx_word' id='word_1_293' title='bbox 1882 1958 1893 1975; x_wconf 89' lang='lat'>‚</span> <span class='ocrx_word' id='word_1_294' title='bbox 1927 1931 1969 1968; x_wconf 75' lang='grc' dir='ltr'><strong>δε</strong></span> <span class='ocrx_word' id='word_1_295' title='bbox 1986 1927 2181 1968; x_wconf 88' lang='lat' dir='ltr'><strong>securita-</strong></span> 
     </span>
     <span class='ocr_line' id='line_1_46' title="bbox 347 1981 2182 2036; baseline 0 -14"><span class='ocrx_word' id='word_1_296' title='bbox 347 1992 436 2022; x_wconf 84' lang='lat' dir='ltr'><strong>tem</strong></span> <span class='ocrx_word' id='word_1_297' title='bbox 460 1981 836 2023; x_wconf 79' lang='lat' dir='ltr'><strong>deambulantium.</strong></span> <span class='ocrx_word' id='word_1_298' title='bbox 882 1981 1660 2036; x_wconf 78' lang='lat' dir='ltr'><strong>Cohaerentquadrilaterisporticibus</strong></span> <span class='ocrx_word' id='word_1_299' title='bbox 1674 1981 1866 2022; x_wconf 76' lang='lat' dir='ltr'><strong>Scholae:</strong></span> <span class='ocrx_word' id='word_1_300' title='bbox 1900 1981 2182 2034; x_wconf 85' lang='lat' dir='ltr'><strong>superioribus</strong></span> 
     </span>
     <span class='ocr_line' id='line_1_47' title="bbox 348 2036 2179 2090; baseline 0 -16"><span class='ocrx_word' id='word_1_301' title='bbox 348 2048 451 2074; x_wconf 90' lang='lat' dir='ltr'><strong>vero</strong></span> <span class='ocrx_word' id='word_1_302' title='bbox 471 2036 578 2075; x_wconf 76' lang='lat' dir='ltr'><strong>Aula</strong></span> <span class='ocrx_word' id='word_1_303' title='bbox 603 2037 732 2077; x_wconf 85' lang='lat' dir='ltr'><strong>etiam</strong></span> <span class='ocrx_word' id='word_1_304' title='bbox 755 2036 962 2090; x_wconf 80' lang='lat' dir='ltr'><strong>ingensad</strong></span> <span class='ocrx_word' id='word_1_305' title='bbox 979 2036 1144 2089; x_wconf 75' lang='lat' dir='ltr'><strong>publica</strong></span> <span class='ocrx_word' id='word_1_306' title='bbox 1158 2037 1298 2078; x_wconf 78' lang='lat' dir='ltr'><strong>munia</strong></span> <span class='ocrx_word' id='word_1_307' title='bbox 1313 2036 1623 2077; x_wconf 58' lang='lat' dir='ltr'><strong>dodirinarum:</strong></span> <span class='ocrx_word' id='word_1_308' title='bbox 1658 2036 1700 2075; x_wconf 89' lang='lat' dir='ltr'><strong>in</strong></span> <span class='ocrx_word' id='word_1_309' title='bbox 1715 2049 1792 2088; x_wconf 83' lang='lat' dir='ltr'><strong>qua</strong></span> <span class='ocrx_word' id='word_1_310' title='bbox 1811 2037 1990 2081; x_wconf 75' lang='lat' dir='ltr'><strong>summa,</strong></span> <span class='ocrx_word' id='word_1_311' title='bbox 2022 2037 2179 2088; x_wconf 80' lang='lat' dir='ltr'><strong>Grego-</strong></span> 
     </span>
     <span class='ocr_line' id='line_1_48' title="bbox 350 2088 2181 2143; baseline 0.001 -14"><span class='ocrx_word' id='word_1_312' title='bbox 350 2089 399 2129; x_wconf 86' lang='lat' dir='ltr'><strong>rii</strong></span> <span class='ocrx_word' id='word_1_313' title='bbox 426 2089 583 2140; x_wconf 85' lang='lat' dir='ltr'><strong>effigies</strong></span> <span class='ocrx_word' id='word_1_314' title='bbox 609 2090 658 2130; x_wconf 84' lang='lat' dir='ltr'><strong>ad</strong></span> <span class='ocrx_word' id='word_1_315' title='bbox 683 2092 822 2131; x_wconf 86' lang='lat' dir='ltr'><strong>vivum</strong></span> <span class='ocrx_word' id='word_1_316' title='bbox 846 2092 1007 2143; x_wconf 59' lang='lat' dir='ltr'><strong>expieta</strong></span> <span class='ocrx_word' id='word_1_317' title='bbox 1031 2091 1070 2129; x_wconf 89' lang='lat' dir='ltr'><strong>in</strong></span> <span class='ocrx_word' id='word_1_318' title='bbox 1095 2092 1201 2130; x_wconf 87' lang='lat' dir='ltr'><strong>solio</strong></span> <span class='ocrx_word' id='word_1_319' title='bbox 1224 2091 1367 2131; x_wconf 85' lang='lat' dir='ltr'><strong>sedens</strong></span> <span class='ocrx_word' id='word_1_320' title='bbox 1381 2091 1519 2131; x_wconf 82' lang='lat' dir='ltr'><strong>visitur</strong></span> <span class='ocrx_word' id='word_1_321' title='bbox 1533 2093 1768 2143; x_wconf 86' lang='lat' dir='ltr'><strong>purpuratis</strong></span> <span class='ocrx_word' id='word_1_322' title='bbox 1785 2088 2181 2130; x_wconf 80' lang='lat' dir='ltr'><strong>Patribusadlatera</strong></span> 
     </span>
     <span class='ocr_line' id='line_1_49' title="bbox 350 2144 2176 2198; baseline 0 -15"><span class='ocrx_word' id='word_1_323' title='bbox 350 2144 673 2186; x_wconf 85' lang='lat' dir='ltr'><strong>considentibus.</strong></span> <span class='ocrx_word' id='word_1_324' title='bbox 717 2145 786 2187; x_wconf 81' lang='lat' dir='ltr'><strong>Ad</strong></span> <span class='ocrx_word' id='word_1_325' title='bbox 809 2146 895 2194; x_wconf 81' lang='lat' dir='ltr'><strong>ejus</strong></span> <span class='ocrx_word' id='word_1_326' title='bbox 921 2145 1047 2198; x_wconf 80' lang='lat' dir='ltr'><strong>pedes</strong></span> <span class='ocrx_word' id='word_1_327' title='bbox 1069 2147 1224 2185; x_wconf 82' lang='lat' dir='ltr'><strong>alumni</strong></span> <span class='ocrx_word' id='word_1_328' title='bbox 1249 2144 1446 2185; x_wconf 87' lang='lat' dir='ltr'><strong>accidunt</strong></span> <span class='ocrx_word' id='word_1_329' title='bbox 1463 2146 1483 2185; x_wconf 79' lang='grc' dir='ltr'>ἐ</span> <span class='ocrx_word' id='word_1_330' title='bbox 1503 2145 1727 2193; x_wconf 81' lang='lat' dir='ltr'><strong>Romano,</strong></span> <span class='ocrx_word' id='word_1_331' title='bbox 1758 2144 1930 2197; x_wconf 83' lang='lat' dir='ltr'><strong>aliisque</strong></span> <span class='ocrx_word' id='word_1_332' title='bbox 1947 2144 2176 2197; x_wconf 85' lang='lat' dir='ltr'><strong>Collegiis‚</strong></span> 
     </span>
     <span class='ocr_line' id='line_1_50' title="bbox 351 2198 2181 2252; baseline 0.001 -15"><span class='ocrx_word' id='word_1_333' title='bbox 351 2212 437 2252; x_wconf 69' lang='lat' dir='ltr'><strong>quae</strong></span> <span class='ocrx_word' id='word_1_334' title='bbox 453 2200 631 2251; x_wconf 86' lang='lat' dir='ltr'><strong>reliquos</strong></span> <span class='ocrx_word' id='word_1_335' title='bbox 644 2201 798 2240; x_wconf 80' lang='lat' dir='ltr'><strong>circum</strong></span> <span class='ocrx_word' id='word_1_336' title='bbox 817 2201 932 2240; x_wconf 65' lang='lat' dir='ltr'><strong>Aulae</strong></span> <span class='ocrx_word' id='word_1_337' title='bbox 946 2200 1126 2252; x_wconf 79' lang='lat' dir='ltr'><strong>parietes</strong></span> <span class='ocrx_word' id='word_1_338' title='bbox 1141 2199 1246 2252; x_wconf 70' lang='lat' dir='ltr'><strong>piCta</strong></span> <span class='ocrx_word' id='word_1_339' title='bbox 1261 2202 1350 2239; x_wconf 86' lang='lat' dir='ltr'><strong>sunt</strong></span> <span class='ocrx_word' id='word_1_340' title='bbox 1364 2230 1377 2248; x_wconf 90' lang='lat'>,</span> <span class='ocrx_word' id='word_1_341' title='bbox 1410 2200 1453 2238; x_wconf 69' lang='lat'><strong>85</strong></span> <span class='ocrx_word' id='word_1_342' title='bbox 1469 2199 1618 2251; x_wconf 80' lang='lat' dir='ltr'><strong>ubique</strong></span> <span class='ocrx_word' id='word_1_343' title='bbox 1632 2212 1833 2238; x_wconf 82' lang='lat' dir='ltr'><strong>terrarum</strong></span> <span class='ocrx_word' id='word_1_344' title='bbox 1851 2199 1869 2237; x_wconf 70' lang='lat' dir='ltr'><strong>a</strong></span> <span class='ocrx_word' id='word_1_345' title='bbox 1885 2198 1957 2250; x_wconf 84' lang='lat' dir='ltr'><strong>pio</strong></span> <span class='ocrx_word' id='word_1_346' title='bbox 1973 2199 2181 2239; x_wconf 82' lang='lat' dir='ltr'><strong>Pontifice</strong></span> 
     </span>
     <span class='ocr_line' id='line_1_51' title="bbox 350 2253 2180 2307; baseline 0 -15"><span class='ocrx_word' id='word_1_347' title='bbox 350 2253 565 2306; x_wconf 82' lang='lat' dir='ltr'><strong>religionis</strong></span> <span class='ocrx_word' id='word_1_348' title='bbox 585 2255 858 2307; x_wconf 67' lang='lat' dir='ltr'><strong>propagandae</strong></span> <span class='ocrx_word' id='word_1_349' title='bbox 882 2254 1013 2294; x_wconf 83' lang='lat' dir='ltr'><strong>studio</strong></span> <span class='ocrx_word' id='word_1_350' title='bbox 1028 2256 1265 2296; x_wconf 79' lang='lat' dir='ltr'><strong>constituta.</strong></span> <span class='ocrx_word' id='word_1_351' title='bbox 1309 2254 1355 2294; x_wconf 85' lang='lat' dir='ltr'><strong>In</strong></span> <span class='ocrx_word' id='word_1_352' title='bbox 1372 2255 1532 2295; x_wconf 84' lang='lat' dir='ltr'><strong>summo</strong></span> <span class='ocrx_word' id='word_1_353' title='bbox 1547 2253 1693 2293; x_wconf 88' lang='lat' dir='ltr'><strong>titulus</strong></span> <span class='ocrx_word' id='word_1_354' title='bbox 1708 2254 1837 2295; x_wconf 81' lang='lat' dir='ltr'><strong>totius</strong></span> <span class='ocrx_word' id='word_1_355' title='bbox 1854 2254 2024 2293; x_wconf 82' lang='lat' dir='ltr'><strong>nornine</strong></span> <span class='ocrx_word' id='word_1_356' title='bbox 2039 2253 2180 2293; x_wconf 71' lang='lat' dir='ltr'><strong>Socie-</strong></span> 
     </span>
     <span class='ocr_line' id='line_1_52' title="bbox 349 2308 994 2362; baseline 0.003 -14"><span class='ocrx_word' id='word_1_357' title='bbox 349 2308 447 2349; x_wconf 81' lang='lat' dir='ltr'><strong>tatis</strong></span> <span class='ocrx_word' id='word_1_358' title='bbox 461 2309 669 2362; x_wconf 80' lang='lat' dir='ltr'><strong>Gregorio</strong></span> <span class='ocrx_word' id='word_1_359' title='bbox 683 2309 902 2362; x_wconf 87' lang='lat' dir='ltr'><strong>inscriptus</strong></span> <span class='ocrx_word' id='word_1_360' title='bbox 915 2309 994 2350; x_wconf 88' lang='lat' dir='ltr'><strong>est:</strong></span> 
     </span>
    </p>
   </div>
   <div class='ocr_carea' id='block_1_15' title="bbox 452 2406 2025 2484">
    <p class='ocr_par' dir='ltr' id='par_1_15' title="bbox 452 2406 2025 2484">
     <span class='ocr_line' id='line_1_53' title="bbox 452 2406 2025 2484; baseline -0.003 -13"><span class='ocrx_word' id='word_1_361' title='bbox 452 2406 1068 2484; x_wconf 41' lang='lat' dir='ltr'><strong>„GREGORlo</strong></span> <span class='ocrx_word' id='word_1_362' title='bbox 1123 2411 1340 2470; x_wconf 84' lang='lat' dir='ltr'>XIII.</span> <span class='ocrx_word' id='word_1_363' title='bbox 1392 2407 1725 2472; x_wconf 82' lang='lat' dir='ltr'>PONT.</span> <span class='ocrx_word' id='word_1_364' title='bbox 1771 2409 2025 2468; x_wconf 81' lang='lat' dir='ltr'><strong>MAX.</strong></span> 
     </span>
    </p>
   </div>
   <div class='ocr_carea' id='block_1_16' title="bbox 391 2504 2132 2751">
    <p class='ocr_par' dir='ltr' id='par_1_16' title="bbox 392 2504 2131 2608">
     <span class='ocr_line' id='line_1_54' title="bbox 393 2504 2131 2557; baseline -0.002 -13"><span class='ocrx_word' id='word_1_365' title='bbox 393 2508 474 2544; x_wconf 74' lang='lat' dir='ltr'><strong>HV</strong></span> <span class='ocrx_word' id='word_1_366' title='bbox 490 2506 579 2542; x_wconf 82' lang='lat' dir='ltr'><strong>IVS</strong></span> <span class='ocrx_word' id='word_1_367' title='bbox 617 2506 816 2541; x_wconf 69' lang='lat' dir='ltr'><strong>COLEGH</strong></span> <span class='ocrx_word' id='word_1_368' title='bbox 854 2506 878 2541; x_wconf 64' lang='lat'><strong>1³</strong></span> <span class='ocrx_word' id='word_1_369' title='bbox 892 2506 921 2540; x_wconf 88' lang='lat' dir='ltr'>V</span> <span class='ocrx_word' id='word_1_370' title='bbox 938 2507 1018 2542; x_wconf 87' lang='lat' dir='ltr'><strong>ND</strong></span> <span class='ocrx_word' id='word_1_371' title='bbox 1034 2507 1108 2544; x_wconf 77' lang='lat' dir='ltr'><strong>AT</strong></span> <span class='ocrx_word' id='word_1_372' title='bbox 1123 2507 1231 2543; x_wconf 88' lang='lat' dir='ltr'><strong>ORI</strong></span> <span class='ocrx_word' id='word_1_373' title='bbox 1267 2508 1498 2544; x_wconf 80' lang='lat' dir='ltr'>SOCIETAS</span> <span class='ocrx_word' id='word_1_374' title='bbox 1526 2506 1626 2542; x_wconf 80' lang='lat' dir='ltr'>IESV</span> <span class='ocrx_word' id='word_1_375' title='bbox 1656 2506 1950 2557; x_wconf 60' lang='lat' dir='ltr'><strong>AMJ‘LISSIMIS</strong></span> <span class='ocrx_word' id='word_1_376' title='bbox 1978 2506 2037 2542; x_wconf 91' lang='lat' dir='ltr'><strong>AB</strong></span> <span class='ocrx_word' id='word_1_377' title='bbox 2065 2504 2131 2541; x_wconf 86' lang='lat' dir='ltr'><strong>EO</strong></span> 
     </span>
     <span class='ocr_line' id='line_1_55' title="bbox 392 2569 1973 2608; baseline -0.001 -1"><span class='ocrx_word' id='word_1_378' title='bbox 392 2573 417 2607; x_wconf 88' lang='lat' dir='ltr'>P</span> <span class='ocrx_word' id='word_1_379' title='bbox 430 2573 461 2607; x_wconf 81' lang='lat' dir='ltr'>R</span> <span class='ocrx_word' id='word_1_380' title='bbox 480 2570 536 2606; x_wconf 76' lang='lat' dir='ltr'><strong>IV</strong></span> <span class='ocrx_word' id='word_1_381' title='bbox 554 2570 605 2604; x_wconf 85' lang='lat' dir='ltr'><strong>IL</strong></span> <span class='ocrx_word' id='word_1_382' title='bbox 621 2569 648 2603; x_wconf 79' lang='lat' dir='ltr'>E</span> <span class='ocrx_word' id='word_1_383' title='bbox 661 2571 719 2605; x_wconf 86' lang='lat' dir='ltr'><strong>GI</strong></span> <span class='ocrx_word' id='word_1_384' title='bbox 737 2571 782 2605; x_wconf 85' lang='lat' dir='ltr'><strong>IS</strong></span> <span class='ocrx_word' id='word_1_385' title='bbox 821 2569 1024 2608; x_wconf 67' lang='lat' dir='ltr'>MVNJTA</span> <span class='ocrx_word' id='word_1_386' title='bbox 1066 2572 1129 2607; x_wconf 74' lang='lat' dir='ltr'><strong>ET</strong></span> <span class='ocrx_word' id='word_1_387' title='bbox 1168 2573 1465 2608; x_wconf 63' lang='lat' dir='ltr'>INGENTIBVS</span> <span class='ocrx_word' id='word_1_388' title='bbox 1504 2570 1676 2607; x_wconf 83' lang='lat' dir='ltr'>AVCTA</span> <span class='ocrx_word' id='word_1_389' title='bbox 1714 2570 1973 2607; x_wconf 79' lang='lat' dir='ltr'>BENEFICIIS</span> 
     </span>
    </p>

    <p class='ocr_par' dir='ltr' id='par_1_17' title="bbox 392 2634 1786 2673">
     <span class='ocr_line' id='line_1_56' title="bbox 392 2634 1786 2673; baseline 0.001 -3"><span class='ocrx_word' id='word_1_390' title='bbox 392 2635 457 2670; x_wconf 84' lang='lat' dir='ltr'><strong>IN</strong></span> <span class='ocrx_word' id='word_1_391' title='bbox 495 2634 621 2670; x_wconf 81' lang='lat' dir='ltr'><strong>HOC</strong></span> <span class='ocrx_word' id='word_1_392' title='bbox 658 2634 892 2670; x_wconf 79' lang='lat' dir='ltr'><strong>TOTIVS</strong></span> <span class='ocrx_word' id='word_1_393' title='bbox 931 2635 1193 2672; x_wconf 79' lang='lat' dir='ltr'>ORDINIS</span> <span class='ocrx_word' id='word_1_394' title='bbox 1232 2637 1511 2673; x_wconf 70' lang='lat' dir='ltr'>SEMINARIO</span> <span class='ocrx_word' id='word_1_395' title='bbox 1549 2635 1786 2673; x_wconf 79' lang='lat' dir='ltr'>PARENTIS</span> 
     </span>
    </p>

    <p class='ocr_par' dir='ltr' id='par_1_18' title="bbox 391 2701 2132 2751">
     <span class='ocr_line' id='line_1_57' title="bbox 391 2701 2132 2751; baseline 0.001 -14"><span class='ocrx_word' id='word_1_396' title='bbox 391 2702 427 2737; x_wconf 79' lang='lat' dir='ltr'>O</span> <span class='ocrx_word' id='word_1_397' title='bbox 440 2703 464 2737; x_wconf 82' lang='lat' dir='ltr'>P</span> <span class='ocrx_word' id='word_1_398' title='bbox 477 2703 522 2737; x_wconf 88' lang='lat' dir='ltr'><strong>T.</strong></span> <span class='ocrx_word' id='word_1_399' title='bbox 561 2703 603 2737; x_wconf 80' lang='lat' dir='ltr'>M</span> <span class='ocrx_word' id='word_1_400' title='bbox 621 2704 651 2738; x_wconf 83' lang='lat' dir='ltr'>A</span> <span class='ocrx_word' id='word_1_401' title='bbox 668 2702 716 2736; x_wconf 86' lang='lat' dir='ltr'><strong>X.</strong></span> <span class='ocrx_word' id='word_1_402' title='bbox 745 2704 787 2737; x_wconf 82' lang='lat' dir='ltr'>M</span> <span class='ocrx_word' id='word_1_403' title='bbox 801 2702 828 2737; x_wconf 78' lang='lat' dir='ltr'><strong>E</strong></span> <span class='ocrx_word' id='word_1_404' title='bbox 842 2702 883 2736; x_wconf 80' lang='lat' dir='ltr'>M</span> <span class='ocrx_word' id='word_1_405' title='bbox 896 2701 930 2736; x_wconf 84' lang='lat' dir='ltr'><strong>O</strong></span> <span class='ocrx_word' id='word_1_406' title='bbox 945 2702 976 2736; x_wconf 79' lang='lat' dir='ltr'>R</span> <span class='ocrx_word' id='word_1_407' title='bbox 992 2702 1006 2736; x_wconf 94' lang='lat' dir='ltr'>I</span> <span class='ocrx_word' id='word_1_408' title='bbox 1022 2705 1049 2737; x_wconf 84' lang='lat' dir='ltr'>A</span> <span class='ocrx_word' id='word_1_409' title='bbox 1065 2703 1106 2737; x_wconf 81' lang='lat' dir='ltr'><strong>M</strong></span> <span class='ocrx_word' id='word_1_410' title='bbox 1132 2701 1313 2751; x_wconf 76' lang='lat' dir='ltr'>SVIQE</span> <span class='ocrx_word' id='word_1_411' title='bbox 1339 2703 1494 2739; x_wconf 77' lang='lat' dir='ltr'>GRATI</span> <span class='ocrx_word' id='word_1_412' title='bbox 1525 2703 1675 2739; x_wconf 76' lang='lat' dir='ltr'>ANIMI</span> <span class='ocrx_word' id='word_1_413' title='bbox 1701 2703 2066 2740; x_wconf 71' lang='lat' dir='ltr'>MONIMENTVM</span> <span class='ocrx_word' id='word_1_414' title='bbox 2094 2705 2132 2740; x_wconf 90' lang='lat' dir='ltr'><strong>P.</strong></span> 
     </span>
    </p>
   </div>
   <div class='ocr_carea' id='block_1_17' title="bbox 343 2803 2185 2959">
    <p class='ocr_par' dir='ltr' id='par_1_19' title="bbox 343 2803 2185 2959">
     <span class='ocr_line' id='line_1_58' title="bbox 345 2803 2180 2859; baseline 0.003 -15"><span class='ocrx_word' id='word_1_415' title='bbox 345 2803 556 2845; x_wconf 79' lang='lat' dir='ltr'><strong>Absoluto</strong></span> <span class='ocrx_word' id='word_1_416' title='bbox 580 2805 804 2859; x_wconf 63' lang='lat' dir='ltr'><strong>Gymnalio</strong></span> <span class='ocrx_word' id='word_1_417' title='bbox 822 2837 831 2854; x_wconf 91' lang='lat'>‚</span> <span class='ocrx_word' id='word_1_418' title='bbox 874 2806 1022 2845; x_wconf 79' lang='lat' dir='ltr'><strong>domus</strong></span> <span class='ocrx_word' id='word_1_419' title='bbox 1047 2805 1191 2846; x_wconf 73' lang='lat' dir='ltr'><strong>deerat</strong></span> <span class='ocrx_word' id='word_1_420' title='bbox 1216 2805 1265 2847; x_wconf 89' lang='lat' dir='ltr'><strong>ad</strong></span> <span class='ocrx_word' id='word_1_421' title='bbox 1293 2806 1594 2848; x_wconf 65' lang='lat' dir='ltr'><strong>habitandum:</strong></span> <span class='ocrx_word' id='word_1_422' title='bbox 1639 2807 1702 2846; x_wconf 86' lang='lat' dir='ltr'><strong>cui</strong></span> <span class='ocrx_word' id='word_1_423' title='bbox 1726 2808 1817 2848; x_wconf 78' lang='lat' dir='ltr'><strong>sane</strong></span> <span class='ocrx_word' id='word_1_424' title='bbox 1840 2807 2075 2848; x_wconf 75' lang='lat' dir='ltr'><strong>extruendae</strong></span> <span class='ocrx_word' id='word_1_425' title='bbox 2098 2823 2180 2849; x_wconf 89' lang='lat' dir='ltr'><strong>non</strong></span> 
     </span>
     <span class='ocr_line' id='line_1_59' title="bbox 343 2860 2180 2917; baseline 0.004 -20"><span class='ocrx_word' id='word_1_426' title='bbox 343 2860 555 2902; x_wconf 74' lang='lat' dir='ltr'><strong>modicam</strong></span> <span class='ocrx_word' id='word_1_427' title='bbox 578 2862 620 2902; x_wconf 89' lang='lat' dir='ltr'><strong>in</strong></span> <span class='ocrx_word' id='word_1_428' title='bbox 643 2875 804 2902; x_wconf 80' lang='lat' dir='ltr'><strong>certum</strong></span> <span class='ocrx_word' id='word_1_429' title='bbox 831 2874 997 2912; x_wconf 70' lang='lat' dir='ltr'><strong>tempus</strong></span> <span class='ocrx_word' id='word_1_430' title='bbox 1018 2861 1260 2913; x_wconf 68' lang='lat' dir='ltr'><strong>pensionem</strong></span> <span class='ocrx_word' id='word_1_431' title='bbox 1285 2863 1534 2903; x_wconf 80' lang='lat' dir='ltr'><strong>attribuerat</strong></span> <span class='ocrx_word' id='word_1_432' title='bbox 1550 2862 1764 2905; x_wconf 81' lang='lat' dir='ltr'><strong>Pontifex.</strong></span> <span class='ocrx_word' id='word_1_433' title='bbox 1811 2863 1910 2904; x_wconf 69' lang='lat' dir='ltr'><strong>Haec</strong></span> <span class='ocrx_word' id='word_1_434' title='bbox 1932 2876 2093 2917; x_wconf 83' lang='lat' dir='ltr'><strong>quoque</strong></span> <span class='ocrx_word' id='word_1_435' title='bbox 2110 2878 2180 2914; x_wconf 83' lang='lat' dir='ltr'><strong>per-</strong></span> 
     </span>
     <span class='ocr_line' id='line_1_60' title="bbox 2010 2917 2185 2959; baseline 0.011 -2"><span class='ocrx_word' id='word_1_436' title='bbox 2010 2917 2185 2959; x_wconf 65' lang='lat' dir='ltr'><strong>occasio-</strong></span> 
     </span>
    </p>
   </div>
  </div>
 </body>
</html>
