2355 3335
566 123 892 172 LIBER
964 121 1378 170 PRIMUs.
1823 128 1882 191 6,-

47 207 249 254 Horatius
267 220 277 248 :
1891 222 1929 259 de
1940 223 2066 260 Trium-

489 257 656 310 Caefhrem
665 286 678 305 ‚
710 258 916 313 quandoque
925 258 1048 312 trahet
1057 259 1204 308 ftroeeis
1886 273 1951 323 pho
1961 276 2054 314 ΜΗ,

489 315 558 352 Per
567 312 712 364 sacrum
737 315 870 352 clivum
890 315 1018 351 merita
1039 312 1180 352 decorus·
1885 324 1979 374 gum,

542 394 745 403 ......
763 365 892 417 fronde
913 367 1119 410 Sicambros.
1892 368 1987 410 Libro
2001 389 2038 423 4,

44 424 103 468 Et
122 439 134 466 Ζ
1892 424 1972 460 Odi*
1986 440 2021 462 2.

487 477 642 515 Imauus
658 486 722 514 aut
747 474 934 513 Britannus
954 485 993 512 ut
1015 472 1225 525 deffeenderet
1889 476 1933 512 Et
1942 474 1996 512 lib.
2013 489 2048 512 2.

534 532 642 569 Sacra
667 540 846 567 catenatur
865 542 939 567 vra.
1889 525 2016 573 Epodon

40 574 144 629 Erat
166 585 280 626 enim
302 583 372 624 sub
387 583 548 624 Arcum
564 583 655 624 Titi
679 582 856 622 declivis
873 582 937 622 via
952 583 992 622 in
1012 583 1170 623 Forum
1189 613 1200 631 ,
1232 595 1275 623 ut
1291 595 1398 623 nunc
1412 582 1540 624 etiam
1557 595 1743 637 apparet.
1785 587 1873 628 De-
1892 575 1972 612 Odae
1985 590 2023 624 7·

41 654 154 682 mum
177 637 464 691 investigandae
485 637 563 677 viae
590 636 896 689 triumphorum
922 636 1148 677 conferunt
1170 637 1465 689 triumphales,
1499 639 1568 692 qui
1586 651 1755 688 extant,
1789 642 1875 682 Ar-

45 708 113 736 cus
134 711 148 742 3
196 695 295 735 illos
324 693 436 734 enim
461 692 640 735 Caesares
663 690 970 743 triumphantes
991 691 1152 731 subiere
1174 721 1186 741 ‚
1228 705 1322 732 cum
1346 692 1603 732 veherentur
1627 693 1669 732 in
1695 694 1873 746 Capito-

44 749 163 790 lium.

68 809 74 812 “
95 803 174 844 His
195 801 326 856 probe
349 799 668 848 animadversis,
701 799 768 839 via
789 798 973 851 primum
996 799 1039 838 in
1055 799 1178 843 Urbe
1197 799 1489 851 triumphalis,
1522 812 1611 841 tum
1624 803 1870 856 portaipsa,
1888 815 2092 854 Viam-fumi

40 856 196 898 minori
215 868 461 909 quamquam
475 854 775 908 probabilitate
787 885 799 903 ,
832 853 1148 907 pervestigatur.
1194 856 1304 894 Nam
1318 866 1472 906 pompa
1486 854 1675 896 insti-ufta
1689 857 1732 896 in
1747 858 1870 899 Cam·
1884 865 2001 917 phalis,
2082 861 2086 865 '

37 924 93 965 po
106 911 263 951 Martio
284 909 382 951 cum
407 908 571 948 moveri
585 908 777 962 coepisset
795 940 806 956 ,
841 909 1170 959 Imperatoribus
1184 907 1383 948 duntaxat
1397 907 1446 948 ad
1458 921 1624 961 portam
1637 910 1872 963 praestolan-

38 965 149 1006 tibus
164 996 177 1013 ,
207 976 251 1005 ut
271 964 324 1004 de
338 963 589 1016 Vespasiano
603 995 613 1010 ‚
650 967 693 1004 &
713 963 819 1002 Tito
842 961 999 1001 dictum
1025 963 1106 1008 est3
1137 962 1319 1016 primum
1341 962 1580 1004 offendebat
1595 963 1873 1018 frequentiffi-

41 1032 125 1061 mas
146 1019 361 1065 Porticus,
395 1019 439 1057 δε
458 1018 639 1070 Templa
659 1017 700 1056 in
717 1018 881 1069 Campo
896 1017 1131 1062 Flaminio,
1164 1029 1254 1056 tum
1278 1016 1391 1068 juxta
1406 1017 1624 1058 Porticum
1639 1020 1872 1066 ORaviam

36 1073 207 1127 petebat
222 1073 394 1113 Circum
409 1072 697 1113 Flaminium:
731 1085 814 1124 quo
829 1068 980 1124 egressa
993 1071 1177 1112 intrabat
1191 1082 1358 1123 portam
1377 1072 1717 1124 Triumphalem.
1754 1075 1868 1116 Hinc

38 1130 152 1181 juxta
167 1127 403 1168 Theatrum
420 1125 612 1166 Marcelli
638 1125 689 1166 ad
712 1128 812 1166 alias
826 1125 1018 1166 Porticus
1041 1124 1228 1166 oetaviae
1253 1127 1423 1166 nomine
1445 1127 1495 1166 ab
1522 1129 1709 1179 Augusto
1733 1141 1872 1169 extru-

39 1182 120 1223 ‹stas
143 1180 371 1222 ferebatur.
409 1180 514 1220 Inde
535 1193 608 1228 per
633 1180 819 1219 medium
843 1180 1071 1220 Velabrum
1089 1210 1100 1227 ‚
1135 1183 1176 1220 &
1202 1180 1360 1219 Forum
1376 1180 1572 1220 Boarium
1597 1183 1794 1223 veniebat
1818 1183 1872 1224 ad

38 1236 209 1277 Circum
225 1235 471 1275 Maximum.
515 1233 627 1275 Hinc
653 1234 873 1274 laevorsum
894 1235 1092 1274 conversa
1116 1232 1319 1274 tendebat
1343 1233 1394 1273 ad
1412 1235 1563 1274 Curias
1576 1249 1766 1282 veteres,
1800 1237 1869 1277 ubi

39 1293 173 1331 Arcus
195 1289 475 1330 Constantini.
521 1287 652 1331 Unde
674 1289 760 1329 alio
783 1288 886 1328 flexu
908 1300 982 1342 per
1004 1288 1172 1328 Sacram
1194 1287 1306 1328 viam
1327 1287 1608 1330 descendebat
1625 1290 1870 1339 inForum;

66 1345 148 1384 uod
169 1344 394 1384 circumire
409 1341 565 1383 necesse
579 1354 668 1383 erat
681 1373 694 1392 ,
725 1355 768 1382 ut
785 1341 1136 1397 frequentiffimus
1153 1374 1165 1391 ,
1197 1341 1267 1394 qui
1283 1341 1429 1382 aderat
1442 1344 1620 1397 populus
1635 1377 1645 1394 ‚
1679 1359 1871 1386 commo-

36 1357 88 1438 de
110 1399 328 1451 speCiaret.
371 1398 483 1438 Turn
505 1397 620 1451 juxta
645 1397 874 1450 Templum
887 1397 1052 1438 Saturni
1068 1428 1080 1444 ‚
1113 1397 1180 1436 ubi
1207 1397 1403 1449 Septimii
1431 1399 1566 1439 Arcus
1589 1399 1867 1451 ascendebat,

33 1452 186 1493 iterum
208 1452 313 1493 flexo
338 1466 487 1501 curru,
525 1452 568 1491 in
593 1452 875 1502 Capitolium.
926 1451 1030 1492 Haec
1054 1451 1147 1499 via,
1181 1452 1224 1490 &
1246 1450 1443 1492 circuitus
1469 1452 1761 1506 Triumphalis
1788 1455 1867 1505 est,

34 1519 155 1559 quem
169 1520 320 1560 praeter
334 1506 578 1554 Plutarchi,
611 1508 655 1547 δε
674 1506 842 1557 Josephi
857 1506 985 1546 allata
998 1505 1124 1545 verba
1136 1505 1362 1545 coufirmat
1377 1506 1600 1547 Suetonius
1615 1509 1655 1547 in
1673 1510 1833 1549 Caesare
1852 1525 1861 1551 ε
1883 1525 1962 1574 Cap.
1982 1539 2041 1574 3‘·

33 1561 182 1602 Gallici,
217 1561 353 1614 inquit
369 1592 383 1611 ‚
422 1559 612 1615 Triumphi
639 1558 696 1599 die
717 1560 905 1601 Velabrum
931 1559 1175 1610 praecervehem
1192 1570 1285 1614 paene
1306 1574 1408 1599 curru
1428 1561 1588 1612 excuffur
1609 1562 1681 1614 est,
1717 1576 1790 1602 axe
1808 1563 1867 1603 de-
2010 1549 2021 1572 s

23 1616 153 1665 fraHo.
193 1614 301 1670 Apud
318 1618 456 1655 Fanum
478 1617 658 1655 Fortunae,
687 1627 732 1655 ut
756 1615 873 1656 Dion
896 1614 1102 1667 adjungit.
1159 1613 1389 1654 Considero
1410 1628 1497 1654 rem
1511 1616 1664 1668 gestam
1680 1617 1720 1656 in
1740 1618 1866 1660 Vela-¹
1879 1627 1952 1665 Lib,
1966 1643 2029 1678 43,

34 1669 111 1709 bro
125 1700 138 1718 ,
168 1669 236 1710 ubi
261 1669 389 1710 hodie
405 1670 522 1711 AEdes
546 1669 585 1710 S.
602 1668 793 1722 Georgii.
842 1670 954 1710 Nam
978 1668 1047 1708 nisi
1061 1666 1083 1707 a
1100 1668 1291 1710 Velabro
1305 1669 1439 1709 Caesar
1453 1668 1676 1711 veuiffetin
1695 1672 1867 1713 Circum

33 1724 265 1764 Maximum
282 1755 296 1773 ‚
335 1724 403 1764 sed
435 1724 540 1764 flexo
566 1723 607 1762 in
623 1723 781 1764 Forum
804 1736 950 1772 curru,
994 1722 1256 1775 Capitolium
1279 1721 1547 1772 ascendisset,
1590 1725 1757 1767 Sacram
1782 1740 1866 1767 non

33 1777 198 1818 vidisset
221 1779 331 1820 viam
355 1790 506 1831 praeter
527 1790 692 1817 morem
713 1778 937 1827 majorum.
982 1778 1117 1818 Venit
1133 1791 1232 1828 ergo
1247 1776 1269 1816 a
1285 1791 1402 1829 porta
1415 1778 1606 1830 proxima
1621 1780 1751 1821 Circo
1769 1781 1868 1822 Fla-

35 1832 195 1882 minio,
235 1846 322 1886 quae
343 1845 418 1886 per
445 1832 673 1873 Velabrum
695 1833 889 1871 mitteret
909 1832 951 1870 in
975 1832 1148 1872 Circum
1163 1832 1398 1872 Maximum
1413 1863 1426 1882 ,
1457 1846 1501 1872 ut
1525 1832 1624 1874 inde
1646 1837 1868 1876 conversus

32 1886 251 1928 veniretin
267 1887 432 1928 Sacram
445 1887 556 1926 viam
574 1917 584 1934 ‚
617 1899 704 1925 tum
722 1886 889 1926 Foroin
903 1886 1191 1938 Capitolium.

91 1942 183 1994 Jam
205 1953 250 1981 ut
270 1942 440 1981 tandem
453 1939 691 1993 portaefirus
703 1939 923 1985 statuatur3
956 1941 1042 1980 haec
1056 1972 1066 1988 ,
1098 1952 1184 1992 quae
1199 1941 1461 1988 memoravi,
1495 1942 1866 1997 Carmentalipro-
1878 1964 1975 2001 pom

31 1994 234 2048 pinquam
258 2026 270 2044 ,
310 1996 421 2036 inter
443 1994 705 2047 Capitolium
730 2026 743 2043 ,
783 1995 830 2032 ’δε
858 1994 1051 2034 Tiberim
1086 1994 1258 2035 faciunt.
1313 1994 1503 2035 Putarim
1539 1996 1670 2036 etiam
1695 2011 1862 2051 portam
1877 2014 2068 2065 plump-[mg

33 2048 358 2101 Triumphalem
381 2049 514 2090 solum
537 2048 587 2087 ad
613 2050 724 2088 usum
747 2048 1082 2101 Triumphorum
1110 2048 1307 2099 patuisse,
1352 2050 1445 2089 aliis
1468 2051 1730 2102 temporibus
1753 2054 2069 2116 clau-lifflbiespt,

30 2105 114 2144 sam
131 2135 141 2149 ‚
176 2105 218 2142 δέ
233 2103 483 2144 obseratam.
531 2103 673 2143 Innuit
688 2103 855 2142 Marcus
869 2103 1037 2143 Tullius
1055 2121 1063 2144 :
1099 2105 1205 2157 Qat,
1234 2103 1370 2157 inquit
1386 2134 1398 2152 ,
1425 2115 1523 2156 porta
1543 2107 1711 2145 introierit
1725 2130 1739 2148 ,
1765 2105 1863 2145 modo·
1877 2130 1962 2163 Orat
1983 2091 2021 2163 ix)

30 2171 71 2196 ne
90 2157 341 2212 Triumphalis
370 2171 444 2212 quae
462 2168 561 2210 porta
580 2155 822 2196 Macedonicis
836 2155 975 2209 Jenzper
993 2157 1188 2209 Consulibus
1206 2169 1287 2197 ante
1306 2170 1339 2197 te
1356 2162 1485 2211 patuit.
1531 2158 1676 2200 Innuit
1700 2161 1743 2200 δε
1775 2162 1863 2201 Re·
1876 2156 1980 2227 Pffim'.
1995 2149 2003 2161 ἴ

30 2211 130 2263 ligio
143 2211 351 2252 inferendi
368 2212 546 2252 cadaver
563 2211 732 2263 Augusti
747 2225 821 2265 per
835 2212 940 2252 hanc
955 2225 1138 2262 portam.
1183 2213 1224 2253 Si
1240 2213 1377 2256 enim,
1408 2213 1482 2253 illa
1495 2214 1657 2267 semper
1670 2228 1861 2268 patente,

29 2266 207 2320 quilibet
235 2266 340 2306 alius
363 2267 427 2307 vel
451 2266 582 2314 civis,
612 2266 679 2305 vel
705 2267 941 2316 jumentum
965 2267 1127 2319 ingredi
1152 2279 1347 2319 poteram
1377 2280 1462 2320 quae
1490 2270 1659 2309 tandem
1689 2270 1864 2324 Religio

29 2321 196 2361 vetabat
215 2320 375 2360 inferre
396 2334 610 2360 mortuum
627 2319 853 2371 Augustam
868 2350 880 2369 ‚
911 2333 998 2372 quae
1019 2321 1193 2361 aliarum
1219 2335 1433 2374 portarum
1447 2321 1608 2363 aditum
1625 2337 1705 2363 non
1718 2325 1864 2378 prohi-

27 2374 182 2415 bebat.>
217 2373 354 2415 Leves
378 2375 571 2428 equidem
601 2373 861 2425 conjesturae.
914 2375 992 2416 Sed
1017 2389 1138 2428 porta
1159 2377 1255 2416 solis
1270 2376 1520 2428 Triumphis
1543 2391 1690 2426 patens
1714 2392 1862 2419 eorum

27 2429 275 2480 dignitatem
289 2429 483 2482 augebat.
526 2428 713 2481 Ideoque
728 2429 794 2469 vix
810 2442 1050 2469 numeratur
1062 2429 1112 2469 ab
1125 2431 1308 2484 antiquis
1320 2462 1332 2479 ‚
1363 2430 1472 2483 quod
1488 2445 1584 2471 raro
1598 2430 1695 2472 esset
1710 2433 1750 2471 in
1765 2435 1831 2473 usu
1843 2461 1856 2479 ,

29 2483 71 2522 δε
97 2483 233 2535 postea
257 2485 496 2525 senescente
519 2497 611 2523 cum
626 2483 817 2536 Imperio
829 2484 1006 2523 omnino
1020 2483 1150 2524 desiit.
1195 2487 1306 2525 Nam
1320 2488 1387 2540 qui
1403 2499 1479 2539 pro
1493 2499 1667 2526 numero
1684 2486 1857 2528 Trium·
1872 2497 2043 2550 Necporta
2068 2482 2070 2485 ’

27 2537 204 2590 phorum
226 2551 369 2589 portas
382 2539 684 2591 Triumphales
698 2538 1008 2588 multiplicant,
1042 2539 1085 2579 8:
1103 2539 1318 2580 noviffime
1330 2540 1548 2580 consistunt
1561 2542 1602 2580 in
1621 2541 1830 2582 Flaminia
1843 2573 1856 2592 ,
1873 2550 2042 2597 Flaminia,

25 2591 218 2632 audiendi
243 2605 326 2631 non
348 2594 455 2633 sunt.
500 2594 617 2634 Sicut
637 2593 934 2646 quiCapenam
962 2592 1149 2639 faciunt,
1183 2607 1224 2633 ut
1239 2594 1496 2647 Pomp—onius
1511 2594 1672 2641 Laetus,
1704 2596 1746 2634 in
1771 2597 1921 2637 vitanec
1942 2604 2068 2652 Capena

27 2646 308 2687 Diocletiani.
358 2646 622 2698 Infhrebantz.¹r‚
667 2646 830 2698 inquit,
863 2648 943 2695 fcre'
974 2661 1085 2686 omncs
1107 2647 1298 2700 Triumphi
1327 2654 1389 2688 vm
1412 2650 1554 2702 Appia,
1587 2660 1687 2703 porta
1707 2651 1858 2705 Capena.
1871 2650 1910 2702 esi
1921 2654 2047 2690 Trium-

27 2699 151 2756 Quod
169 2704 211 2744 &
226 2700 392 2744 Fulvius
404 2701 574 2754 scripfir.
616 2701 763 2741 Placet
776 2714 903 2752 porro
916 2701 957 2740 iu
974 2715 1059 2741 rem
1074 2702 1284 2742 conclusio
1301 2704 1535 2744 Martialis:
1863 2702 1978 2753 phalis.
2045 2701 2051 2708 ’

445 2759 532 2796 Haec
553 2754 601 2806 est
620 2755 727 2809 digna
747 2757 816 2793 tuis
836 2755 1042 2794 Germanice
1056 2766 1159 2810 porta
1179 2756 1387 2811 Triumphis
1399 2771 1414 2803 5

502 2813 575 2849 Hos
597 2808 717 2850 aditur
738 2807 873 2850 Urbem
894 2812 1037 2850 Martis
1054 2809 1176 2851 habere
1194 2809 1299 2851 decet.

908 2918 928 2959 I
1713 2923 1849 2964 CAP.
