2251 3283
533 110 858 160 LIBER
929 109 1446 175 QUARTUS.
1816 133 1898 183 355

72 193 326 237 Inchoatum
339 191 501 235 strenue
516 190 659 233 moliri
673 191 837 243 coepit:
871 190 939 232 sed
956 191 1082 232 molis
1097 189 1344 244 magnitudo
1357 192 1441 244 ipsa
1457 206 1529 244 per
1543 196 1581 235 se
1594 209 1753 239 moram
1770 198 1894 241 fabri-

72 249 200 289 cavit.
240 247 388 300 Itaque
402 249 466 287 sex
480 246 566 301 post
578 245 697 286 annis
708 245 795 286 vita
810 244 970 286 sundrus
981 245 1032 287 ad
1044 248 1245 286 summam
1258 245 1342 297 jam
1356 249 1572 299 expensam
1588 264 1747 292 tantum
1764 256 1899 308 supre-

70 303 151 343 mis
173 301 326 342 tabulis
339 300 497 352 adjecit
514 331 526 347 ‚
558 311 603 339 ut
618 299 808 339 ducentis
819 313 1041 340 aureorum
1055 299 1242 340 millibus
1255 312 1357 352 opus
1372 300 1497 354 longe
1507 304 1836 354 pulcherrimum
1850 323 1899 350 ex

67 356 198 396 animi
212 356 269 396 sui
284 355 491 395 sententia
505 354 640 395 staret.
685 353 817 394 Porro
830 355 1057 405 Templum
1075 354 1117 394 in
1132 353 1382 406 ampliorem
1401 355 1518 406 hujus
1530 359 1602 399 aevi
1622 361 1898 411 Templorum

67 409 250 451 formam
263 409 512 461 descriptum
527 408 580 448 est
593 439 605 458 ‚
631 408 673 448 &⁷
690 407 860 460 figuram
874 408 1047 449 Crucis:
1074 408 1186 459 cujus
1198 421 1290 461 pars
1304 407 1388 448 ima
1403 410 1701 464 longiorquam
1717 416 1895 462 summa,

62 465 303 504 transversae
316 461 717 516 aequales.Tern:ein
731 461 819 502 imo
830 463 1055 515 perampla:
1069 462 1199 502 Cellae
1214 463 1342 502 ternis
1354 463 1420 502 libi
1437 465 1615 505 obversis
1627 469 1896 518 respondent,

68 521 114 559 δε
128 519 200 558 suo
221 530 390 572 quaeque
411 518 535 557 tholo
549 516 743 557 sublimes
757 521 1036 558 camerantur.
1081 515 1223 557 Postea
1236 517 1365 567 majus
1381 518 1752 571 Hemisphaeriu1n'3
1786 527 1898 576 quod

67 572 224 626 duplici
240 572 491 626 globosaque
506 571 876 612 concameratione
891 569 1143 610 fornicatum
1158 601 1171 619 ,
1195 570 1449 611 exteriorem
1464 574 1655 613 altiffime
1672 579 1870 626 provehit
1885 611 1897 629 ‚

67 626 318 667 interiorem
341 626 541 679 deprimit
562 626 610 665 ad
624 625 913 676 jucundiorem
928 623 1205 677 prospec‘tum.
1249 625 1358 664 Tum
1375 626 1533 679 lingulae
1550 628 1646 668 hinc
1661 642 1783 684 atque
1800 632 1897 675 hinc

70 681 202 721 Cellae
227 681 350 736 paulo
376 682 560 720 minores
574 711 586 729 ,
618 682 704 720 suas
723 691 891 732 quaeque
915 680 1029 720 fores
1049 679 1361 720 introeuntibus
1381 683 1572 732 aperiunt
1588 714 1597 730 ,
1629 685 1782 724 alteras
1797 687 1818 725 e
1833 687 1897 727 via

66 735 236 788 publica
253 766 264 784 ‚
294 735 446 775 alteras
472 733 493 774 ἐ
518 732 1052 774 secretario&domesticis
1077 733 1245 774 aedibus.
1279 734 1390 774 Tum
1409 736 1606 789 Templi,
1641 738 1683 775 δε
1700 740 1898 794 principis

70 792 168 831 Arae
191 789 318 829 sedes.
360 789 442 829 Sed
464 788 583 841 quod>
603 788 730 832 rarius
755 786 883 827 hodie
907 786 1029 836 hujus
1043 788 1207 839 generis
1220 789 1400 840 Templa
1415 791 1667 832 sortiuntur:
1703 794 1895 834 adinterr

69 843 199 895 jestus
219 843 434 896 aditusque
457 842 672 883 Cellarum
695 841 969 894 quadraginta
993 844 1035 882 ὃς
1059 841 1418 882 061omarmoreae
1442 844 1896 896 lingulariornamemo

67 898 317 938 constitutae.
373 898 472 938 Pilae
493 910 635 937 autem
660 895 844 936 medium
873 895 1043 946 Templi
1071 897 1398 936 intercurrentes
1423 898 1444 937 ἐ
1470 900 1699 941 Tiburtino
1726 903 1864 953 lapide
1884 935 1895 952 ‚

66 953 280 1006 perpetuis
304 952 326 991 a
352 953 512 992 summo
535 951 584 991 ad
608 952 738 991 imum
760 951 972 990 canalibus
995 950 1141 991 striatae
1156 951 1537 1003 capital'ubtollunt
1553 954 1728 995 demore
1744 958 1895 997 Corin-

65 1007 178 1056 thio,
202 1007 436 1060 eodemque
451 1005 763 1045 conformatum
777 1004 1018 1056 epistilium,
1042 1004 1279 1056 zophorum
1295 1018 1418 1058 atque
1437 1006 1458 1046 ἐ
1473 1010 1641 1049 mutulis
1653 1012 1896 1061 prominen-

67 1074 156 1101 tem
181 1074 398 1101 coronam.
444 1059 555 1100 Hinc
581 1060 714 1112 paries
725 1059 891 1112 paulum
905 1059 1037 1100 rectus
1049 1061 1255 1100 minorem
1269 1062 1682 1114 usqueprojedhlrarn
1700 1096 1709 1112 ,
1742 1065 1895 1106 deinde

66 1115 247 1156 sinuatur
268 1116 309 1155 in
326 1114 559 1160 fornicem,
592 1114 661 1168 qui
675 1114 794 1154 zonis
807 1113 1140 1166 prosilientibus,
1172 1115 1441 1169 retraftisque
1455 1118 1567 1156 cavis
1581 1149 1591 1166 ,
1627 1120 1665 1156 ἃ
1684 1119 1894 1160 loculisad
1912 1119 2061 1159 Columnae
2076 1126 2104 1158 Aa

64 1169 304 1210 inserendas
317 1169 532 1222 plastarum
547 1168 752 1220 imagines
765 1167 1041 1220 distinguitur.
1060 1169 1196 1209 Frons
1208 1169 1528 1221 Septentriones
1541 1171 1735 1223 (petebam,
1750 1188 1833 1227 quo
1848 1179 1889 1217 ἅς
1908 1171 2044 1223 Templo.

67 1224 253 1264 vicinum
269 1223 486 1264 Pantheon
503 1221 1080 1275 vergit‚candidiscommiffa
1093 1222 1226 1275 glebis
1239 1223 1553 1266 Tiburtinarum
1570 1228 1889 1278 lapidicinarum

67 1277 261 1319 latiffime
279 1310 290 1325 ,
316 1276 592 1330 altissimeque
605 1278 832 1330 consurgit.
862 1277 1008 1318 Porro
1020 1276 1090 1317 sub
1107 1278 1277 1330 Templi
1292 1278 1444 1319 finistro
1459 1280 1590 1320 latere
1606 1281 1718 1322 fuisse
1734 1283 1891 1326 molem

67 1333 184 1373 Circi
207 1332 382 1373 similem
406 1333 613 1386 suspicor,
643 1332 861 1372 inchoatae·
875 1331 926 1371 ab
942 1331 1041 1373 I-Ede
1056 1332 1097 1373 S.
1116 1332 1260 1372 Mariae
1274 1332 1314 1372 in
1334 1336 1523 1387 Aquiro,
1554 1335 1737 1388 adquam
1756 1338 1894 1391 Equo-

66 1401 155 1427 rum
171 1389 308 1428 cursus
321 1401 414 1427 cum
429 1386 619 1427 aedificio,
664 1386 781 1427 Idem
796 1385 956 1426 indicat
970 1400 1118 1438 magna
1132 1399 1223 1438 pars
1236 1387 1423 1429 Obelisci
1436 1402 1567 1442 prope
1580 1392 1788 1433 collocata
1801 1425 1811 1442 ‚
1846 1395 1889 1434 &
1907 1398 2074 1437 Etaliaor-

65 1442 108 1482 in
132 1442 287 1483 vicinia
308 1441 473 1482 minora
497 1441 681 1493 ejusdem
705 1440 969 1494 fragmenta:
1007 1444 1049 1482 δε
1072 1453 1319 1494 perpetuum
1344 1443 1556 1496 latumque
1569 1445 1888 1488 fundamentum
1903 1462 2051 1488 namma„

67 1509 279 1547 repertum
310 1495 533 1536 secundum
569 1495 742 1548 Templi
778 1495 1087 1548 longitudinem
1110 1526 1123 1544 ‚
1165 1495 1300 1536 forsan
1331 1496 1381 1537 ad
1407 1499 1621 1550 porticus,
1666 1503 1708 1540 δε
1731 1501 1889 1544 sedilia.

66 1551 187 1592 Idem
210 1550 447 1591 Cardinalis
470 1549 713 1602 Collegium
738 1549 1027 1590 Hibernorum
1050 1549 1268 1595 fundavit,
1303 1553 1345 1590 δε
1373 1551 1564 1593 Patribus
1591 1554 1816 1596 Societatis
1830 1571 1890 1596 re-

62 1605 244 1658 gendum
261 1603 485 1645 commisit.
531 1606 628 1657 Quo
644 1616 836 1657 tempore
850 1604 1090 1644 Germanici
1107 1604 1292 1658 Collegii
1306 1619 1378 1658 per
1392 1607 1546 1659 lapsum
1560 1609 1731 1648 ruino-sae
1744 1611 1893 1650 domus
1909 1610 2071 1659 Coffcgt'wn

60 1660 260 1700 inchoata
281 1657 500 1706 struant-a,
533 1672 626 1708 pars
647 1659 834 1711 quaedam
856 1658 1020 1710 spatiofi
1040 1659 1223 1699 ambitus
1246 1659 1441 1700 aedificari
1455 1675 1595 1713 coepta
1610 1676 1624 1704 ς
1655 1663 1738 1715 ipsa
1751 1677 1890 1705 tamen
1906 1660 2061 1696 Hiberno-

62 1715 391 1765 domusingens,
425 1713 691 1761 nobiliaula,
722 1712 942 1762 cubiculis,
978 1712 1745 1769 subjectisqueinstruaaoperariorum
1760 1719 1981 1771 offici-mm:
2012 1764 2014 1768 ,

64 1770 143 1810 nis.
178 1771 269 1810 Nec
282 1769 408 1819 longe
425 1767 466 1806 in
485 1767 670 1820 Agonali
687 1766 779 1807 foro
796 1766 1176 1820 prodiistis'aedibus
1190 1770 1246 1809 Ca
1256 1769 1427 1809 rdinalis
1443 1770 1704 1823 Pamphilius
1718 1773 1889 1814 aedifica·
1904 1762 2065 1822 {elegum

58 1824 149 1864 bat.
201 1824 250 1864 In
273 1823 456 1874 ejusdem
480 1823 584 1862 olim
609 1822 725 1862 Circi
746 1822 981 1863 carceribus
1006 1822 1134 1863 ffides
1155 1821 1205 1862 de
1221 1824 1405 1864 Torres:
1443 1828 1480 1866 ἅ·
1508 1825 1548 1864 in
1576 1828 1809 1882 propinquo
1835 1829 1885 1869 de
1901 1820 2061 1848 oei-mm-

61 1878 236 1919 LanteS.
292 1878 379 1919 Has
408 1889 548 1918 autem
573 1891 666 1917 cum
693 1877 889 1918 Romana
918 1876 1150 1918 Academia
1175 1905 1187 1923 ‚
1226 1877 1430 1918 credibile
1454 1878 1505 1918 est
1529 1879 1643 1920 fuii'ie
1666 1881 1716 1922 ad
1742 1874 1978 1924 neintis‘¹‘'⁷'''

57 1933 339 1974 Thermarum
357 1931 951 1973 Alexandri.Adlatusautem
967 1931 1136 1971 Circiin
1155 1932 1724 1987 Thermisiplisantiquarum
1737 1937 1886 1978 aedium

57 1988 214 2040 species
247 1986 472 2026 reflorescit
509 1986 658 2036 opibus
681 1986 916 2032 Mediceis,
959 2001 1006 2026 ac
1035 1986 1289 2037 Justinianis.
1344 1988 1422 2027 Sed
1452 1990 1646 2041 Agrippae
1677 1991 1885 2033 Thermas

57 2042 186 2083 AEdes
211 2040 408 2082 Sannefiae
425 2071 436 2089 ‚
469 2040 673 2081 vietoriae
688 2072 700 2089 ,
736 2040 935 2080 Robertae
950 2040 1178 2093 designant.
1224 2041 1426 2081 Thermis
1441 2056 1538 2084 vero
1554 2044 1733 2095 adjunsti
1753 2047 1883 2086 Horti

57 2111 151 2138 cum
176 2096 313 2148 stagno
328 2127 339 2144 ,
373 2096 605 2134 &nemore
619 2126 631 2144 ‚
663 2108 785 2148 quam
802 2095 969 2135 Vallem
985 2096 1108 2147 vulgo
1123 2096 1300 2136 dicimus
1314 2124 1326 2141 ‚
1360 2098 1636 2148 occupabant.
1677 2100 1740 2139 ibi
1755 2100 1885 2141 AEdes

53 2153 107 2192 de
134 2151 286 2199 Valle,
320 2152 364 2191 δε
388 2148 615 2189 Caffarellae
638 2151 742 2189 sunt.
793 2149 921 2189 AEdes
945 2151 1201 2198 Cavaleriae,
1234 2151 1275 2189 &
1303 2151 1567 2191 Philonardce
1592 2154 1640 2192 ad
1666 2155 1879 2196 Porticum

59 2204 227 2248 oetavii
251 2203 550 2245 Corinthiam:
584 2216 706 2256 quam
721 2235 732 2252 ‚
762 2216 895 2256 prope
921 2204 1152 2256 excipiebat
1168 2205 1312 2244 Circus
1329 2206 1572 2247 Flaminius,
1620 2209 1749 2259 Hujus
1765 2210 1881 2250 Circi

56 2262 106 2302 ad
130 2272 263 2300 metas
288 2258 497 2307 patritiae,
531 2259 735 2311 Serlupae‚
770 2258 967 2306 Paluziae‚
1001 2259 1284 2313 Capizuchiae.
1330 2260 1455 2300 Exim
1477 2261 1585 2301 latus
1610 2263 1881 2304 Cii‘cidexte-

53 2330 143 2356 rum
159 2346 170 2363 ‚
203 2327 332 2367 prope
350 2312 640 2366 Capitolium,
672 2312 818 2352 Mutiae
833 2344 845 2361 ,
881 2312 1145 2366 Astalliaeque
1171 2314 1398 2366 ponendae:
1434 2317 1479 2354 ln
1503 2316 1633 2365 lavo,
1667 2331 1714 2357 an
1732 2328 1876 2360 extra?

56 2370 304 2420 Costagutae.
356 2367 576 2418 Capitolio
599 2380 681 2406 non
704 2367 882 2407 multum
906 2366 1023 2407 distat
1050 2369 1113 2408 via
1138 2367 1270 2416 Lata,
1302 2368 1384 2420 quo
1406 2367 1506 2408 fines
1528 2371 1617 2410 suos
1642 2372 1781 2424 itt—gio
1802 2374 1875 2412 vice

54 2425 158 2465 olim
184 2423 299 2463 Latae
320 2421 529 2475 perduxit.
574 2422 721 2473 Itaque
745 2420 875 2475 AEdes
897 2421 1227 2474 Aldobrandinae
1258 2423 1340 2473 s&
1361 2421 1529 2462 fortasse
1556 2425 1870 2478 Frangipaniae)

56 2479 215 2522 Caefiae,
247 2477 489 2530 propinquae
513 2472 837 2525 Columnenses,
859 2476 1041 2529 aliaeque
1061 2477 1102 2516 in
1119 2472 1227 2520 ,ffi‘pso
1248 2477 1419 2529 gentilis
1434 2477 1600 2518 Sciarra:
1626 2480 1709 2531 ejus
1726 2494 1876 2521 notant

56 2531 260 2583 Regionis
293 2531 447 2571 sedem.
499 2528 579 2571 Sed
601 2530 669 2569 ubi
696 2530 871 2570 Caeretis
891 2531 1058 2571 Ducum
1082 2530 1238 2590 AEdes,
1282 2545 1369 2570 tum
1397 2531 1631 2573 cardinalis
1655 2536 1873 2585 Cornelii,

53 2587 246 2629 Porticus
271 2587 636 2637 Argonautarum:
672 2583 741 2624 ubi
767 2585 1010 2638 Collegium
1025 2582 1298 2640 propagandae
1314 2586 1460 2634 Fidei,
1494 2586 1684 2628 Porticus
1701 2590 1874 2642 Europae

54 2641 389 2694 recognoscenda
402 2638 480 2679 est:
512 2638 604 2680 Ubi
619 2637 749 2679 clivus
762 2637 924 2688 Pincii,
950 2640 1520 2693 &MuseumAngeloniuQ
1547 2645 1748 2691 terminus
1763 2645 1877 2685 Hor-

53 2710 193 2737 torum
210 2694 419 2747 Pompeii.
463 2693 558 2734 Post
581 2706 649 2732 eas
663 2692 857 2733 Porticus
870 2693 996 2746 Septa
1019 2693 1252 2735 tendebant
1272 2696 1322 2734 ad
1339 2695 1476 2734 forum
1493 2697 1709 2737 Columna:
1723 2729 1735 2747 ‚
1768 2700 1873 2740 olim

54 2749 280 2794 Antonini.
324 2750 371 2789 In
386 2760 463 2796 e0‚
495 2747 659 2801 ejusque
672 2746 973 2787 additamentis
989 2748 1170 2788 Verallae
1184 2780 1197 2797 ,
1231 2748 1371 2801 Spadae
1387 2780 1400 2798 ‚
1424 2749 1616 2792 Bubnlce:
1647 2765 1733 2792 tum
1748 2752 1788 2792 in
1804 2754 1871 2794 via

51 2804 263 2849 Flaminia
277 2802 505 2854 Cajetanae‚
524 2802 754 2854 Verospiae,
773 2801 1023 2843 Theodulae.
1047 2803 1189 2842 Minus
1201 2816 1315 2843 certa
1330 2803 1371 2843 in
1389 2804 1553 2856 Campo
1565 2806 1727 2846 Martio
1742 2806 1868 2846 habe-

47 2869 150 2902 mus.
193 2858 272 2900 Sed
298 2870 437 2898 tamen
457 2855 538 2911 qua
560 2856 648 2909 post
674 2857 842 2898 Collem
865 2856 1077 2952 Citorlium
1093 2858 1229 2900 versus
1243 2857 1439 2900 Tiberim
1452 2858 1671 2912 panditur,
1704 2862 1868 2903 Coeno-

1022 2923 1048 2963 y
1081 2922 1104 2950 2
1760 2915 1877 2958 bium
