2303 3335
467 142 792 191 LIBER
861 140 1438 191 SECUNDUS.
1779 155 1862 203 125

28 227 249 271 hortorum
271 223 551 266 Parnefiorum
566 247 582 268 ‚
616 238 706 266 tum
726 224 768 265 in
790 224 942 266 Forum
966 223 1224 264 Romanum.
1267 222 1388 264 Idem
1411 220 1588 281 Tacitus
1608 222 1786 276 loquens
1805 219 1858 261 de
1871 244 1932 282 Lib
1963 260 1977 285 ἱ

29 280 245 334 Templis,
284 292 370 331 quae
393 282 576 321 arserunt
594 278 845 320 Neroniano
866 277 1063 318 incendio
1077 307 1090 326 ,
1119 277 1181 318 ait
1201 307 1215 326 ,
1244 275 1675 330 AEdesqueffovzsstatoris
1692 287 1774 316 vota
1786 279 1856 324 Ro-
1869 261 2024 339 affl·

24 335 141 378 mu!0‚
178 337 375 385 Numaque
391 336 524 387 Regia,
551 333 596 373 &5
615 331 793 373 delubrum
816 331 919 383 Vestae
937 345 1016 370 cum
1038 330 1222 371 Penatibus
1239 331 1362 384 populi
1379 331 1536 377 Romani
1549 329 1688 382 exusta.
1724 328 1856 371 Erant
1996 325 2006 336 '

26 401 166 430 autem
189 387 307 429 AEdes
324 399 458 440 prope
477 388 685 440 contigua:
706 386 756 427 ad
779 386 942 427 radices
966 384 1132 425 Palatii.
1193 386 1376 426 Demum
1400 386 1540 426 Varro
1564 383 1710 425 Velias
1731 382 1860 424 dietas

0 479 1 482 ,
29 443 89 486 ait
101 473 114 492 ,
143 439 247 493 Quod
262 441 312 479 ibi
330 440 487 492 Pastores
506 442 666 480 Palatini
686 453 734 480 ex
753 439 876 479 ovibus
894 451 977 478 ame
997 436 1170 489 tonsuram
1192 442 1372 477 inventam
1390 438 1509 477 vellere
1526 437 1648 476 lanam
1664 437 1728 487 [τηε
1736 435 1860 489 filici,

27 509 76 537 ex
97 508 161 550 quo
177 494 301 533 vellera
319 493 493 533 dicmnur.
531 494 678 537 Velias
701 493 829 543 dixit,
859 494 1061 547 quoniam
1084 505 1173 533 erat
1195 493 1280 533 ima
1295 523 1307 541 ,
1340 493 1383 531 &
1398 493 1557 532 summa
1569 492 1722 537 Velia5
1753 492 1860 532 sum·

29 563 96 590 ma
116 550 157 589 in
172 551 330 589 summo
343 548 462 588 Colle
474 576 487 594 ,
518 548 561 589 in
576 549 664 588 imo
679 548 760 588 ima
774 579 786 597 ,
817 546 923 599 apud
938 560 1062 600 quam
1079 546 1203 587 AEdes
1218 547 1456 588 Penatium.
1500 545 1675 587 Livius:
1709 548 1757 584 Et
1773 543 1854 585 aeds‘-
1870 547 1943 588 Lib.
1959 563 1995 589 2„

22 602 178 655 florebat,
218 603 413 643 Valerius
427 632 440 651 ,
476 605 512 642 in
524 602 667 653 summa
690 602 796 643 Velia.
845 602 1118 642 Plutarchus:
1150 604 1193 640 In
1208 601 1304 642 Velia
1328 614 1434 654 quam
1455 612 1606 643 vocant,
1635 603 1719 640 Foro
1739 602 1857 638 immi·
1868 614 1901 649 J„
1912 617 1981 652 vim

25 669 170 697 nentem.
208 655 289 697 Sed
314 656 507 698 Valerius
528 656 677 698 Consul
701 655 799 698 cum
824 667 999 709 propter
1023 655 1349 696 aedificationem
1373 655 1414 695 in
1429 656 1586 695 summa
1603 654 1728 696 Velia
1746 684 1758 701 ,
1790 654 1856 693 ubi
1874 664 1979 703 Valen

28 710 248 752 habitabat
259 737 273 757 ,
304 723 476 764 regnum
498 710 690 752 affectare
703 709 939 758 diceretur,
971 722 1016 750 ut
1030 708 1162 749 refert
1177 709 1323 750 Livius
1336 739 1351 758 ,
1380 709 1423 750 in
1437 709 1643 749 concione
1654 708 1706 749 ad
1721 709 1861 761 Popu-

29 764 114 806 lum
140 779 152 806 ε
190 767 290 818 Ego,
329 765 490 818 inquit,
521 764 556 815 fi
574 767 611 803 in
631 763 704 816 ipsa
726 766 814 803 Arce
837 762 1071 816 Capitolioque
1089 761 1311 805 habitarem,
1348 765 1459 803 metui
1475 775 1531 801 me
1549 761 1716 803 crederem
1731 763 1819 816 poffe
1836 761 1860 800 ά

26 817 173 858 Civibus
191 817 286 858 meti.
336 819 460 859 Velia
484 831 585 871 ergo
607 817 710 859 alibi
733 831 858 873 quam
888 818 931 857 in
953 816 1170 871 Capitolio
1189 816 1425 871 quaerenda.
1475 815 1618 870 Lege,
1649 816 1720 871 qui
1742 816 1859 857 idem

29 871 211 921 docent,
243 872 539 927 Antiquarios.
578 897 581 898 ν

81 927 261 979 Quinto.
308 927 459 968 Cicero
481 926 632 980 {ignum
651 925 768 978 Jovis
788 925 831 965 in
852 924 1070 979 Capitolio
1093 924 1288 966 excelsius
1309 924 1462 966 fastum
1488 923 1618 966 tradit
1634 955 1646 972 ,
1690 925 1734 964 δε
1755 921 1856 976 jussu
1878 931 2018 980 3.Ca11·l,

28 980 278 1034 Aruspicum
288 982 532 1022 conversum
543 979 593 1022 ad
610 980 838 1020 Orientem
857 995 866 1022 :
903 977 1023 1030 Acfi·‚
1042 979 1179 1033 inquit
1193 1010 1205 1028 ,
1222 977 1532 1032 speraredixerune
1544 977 1858 1034 ‚stilludfignum‚
1873 984 1984 1019 Forum
2001 983 2075 1030 Rof'

26 1033 118 1087 quod
131 1033 261 1074 videtis
274 1058 287 1077 ‚
327 1035 410 1074 Sola
431 1040 558 1075 Ortum
571 1059 585 1076 ‚
623 1032 667 1072 ὼ·
686 1037 840 1075 Forum,
880 1035 1091 1086 Cariamque
1112 1036 1334 1085 conspiceret,
1361 1035 1441 1084 fhre
1459 1045 1500 1073 ut
1519 1046 1560 1072 ea
1581 1033 1722 1084 consilia
1734 1057 1748 1075 ‚
1775 1045 1851 1088 quae
1871 1034 2045 1071 manumad

25 1087 118 1127 clam
137 1089 237 1140 effent
254 1090 342 1128 inita
358 1101 476 1130 contra
486 1088 639 1139 salutem
655 1086 760 1127 Urba
774 1111 788 1130 ,
814 1099 923 1141 atque
933 1089 1078 1140 Imperii
1095 1086 1356 1139 illustrarentur.
1395 1087 1653 1138 Capitolium
1668 1117 1681 1136 ,
1713 1100 1756 1128 ut
1770 1089 1854 1141 pri·
1870 1087 2042 1126 Orientem„

26 1155 99 1183 mo
121 1142 231 1183 libro
253 1141 446 1183 constitui
463 1143 612 1183 Forum
629 1143 765 1182 versus
779 1141 1008 1182 Orientem
1020 1168 1034 1187 ‚
1066 1153 1137 1180 aut
1150 1142 1263 1181 inter
1275 1153 1416 1181 ortum
1430 1171 1442 1189 ,
1475 1141 1520 1180 &
1534 1141 1757 1182 meridiem
1769 1144 1859 1196 spe·

26 1195 131 1246 stat,
159 1196 463 1249 obversumque
477 1197 714 1238 Palatinum
726 1225 738 1244 ‚
769 1195 822 1235 ad
847 1195 963 1247 cujus
979 1194 1140 1235 radices
1152 1195 1276 1237 Curia
1292 1226 1305 1244 ,
1335 1194 1378 1234 in
1391 1207 1468 1247 qua
1484 1195 1717 1236 habebatur
1731 1195 1860 1237 Sena-

27 1262 92 1291 tus
106 1280 119 1299 ‚
149 1249 247 1292 fuit.
292 1250 715 1303 Atplaniciesjacens
727 1248 987 1290 dextrorsum
1001 1249 1072 1289 sub
1085 1247 1272 1301 Tarpeia
1284 1261 1384 1302 rupe
1398 1248 1448 1288 ad
1461 1250 1607 1289 AEdem
1625 1249 1665 1289 S.
1685 1250 1859 1292 Nicolai

13 1304 179 1358 *spectat
195 1306 429 1351 Occasum;
463 1318 540 1345 nec
560 1303 631 1344 fibi
646 1303 813 1345 Tullius
833 1302 1054 1344 constabit.
1096 1304 1191 1345 Nec
1210 1316 1314 1343 vero
1339 1303 1408 1344 hic
1421 1302 1572 1343 Forum
1586 1303 1858 1356 interpretari

14 1356 186 1412 ¹possunt
200 1359 414 1411 regionem
426 1357 537 1399 fori.
578 1359 682 1399 Haec
694 1358 808 1398 enim
823 1357 1110 1406 Capitolium,
1135 1358 1179 1396 δε
1194 1356 1288 1398 loca
1300 1356 1570 1411 circumjesta
1581 1357 1859 1411 comprehen-

26 1411 127 1455 dens
138 1425 222 1454 tam
237 1415 394 1454 Ortum
407 1443 419 1461 ,
449 1426 574 1467 quam
589 1411 819 1453 Meridiem
833 1442 846 1461 ,
878 1412 919 1450 &
937 1412 1145 1453 Occasum
1158 1410 1372 1464 spestavit.

82 1466 228 1508 Sexto.
272 1466 516 1508 Plutarchus
536 1466 578 1506 in
598 1466 687 1508 vita
702 1465 923 1507 Ciceronis
944 1478 1284 1507 commemorans
1303 1464 1551 1520 supplicium
1577 1478 1723 1507 eorum
1739 1497 1752 1516 ,
1783 1466 1855 1521 qui

25 1532 120 1562 cum
135 1520 320 1561 Catilina
332 1521 372 1561 in
385 1521 565 1574 patriam
578 1521 919 1571 conjuraverant.
950 1522 1111 1561 Primum
1123 1544 1135 1562 ‚
1161 1519 1301 1574 inquit
1313 1551 1326 1569 ,
1346 1520 1369 1558 ἁ
1381 1519 1520 1560 Palatio
1530 1519 1654 1572 Confid
1666 1521 1859 1560 Lentulum

18 1572 129 1626 sumit
142 1597 155 1616 ‚
191 1574 339 1627 eumque
357 1586 417 1627 per
436 1578 540 1614 viam
560 1576 730 1616 Sacram,
756 1571 978 1627 mediumque
988 1576 1116 1613 Forum
1133 1572 1291 1613 adducit.
1330 1577 1458 1614 Forum
1479 1574 1617 1627 egreffics
1636 1573 1762 1627 Const'zl
1776 1587 1856 1613 cum

15 1627 74 1666 sad
89 1631 267 1671 carcerem
285 1640 433 1668 ventum
447 1628 546 1680 effer,
574 1627 687 1668 tradit
705 1627 814 1668 liezan·
834 1627 1053 1668 Lentulum,
1080 1627 1229 1680 eumque*
1237 1626 1458 1682 strangulari
1473 1627 1588 1680 juffit.
1629 1629 1761 1669 Sacrae
1781 1630 1857 1670 viae

25 1682 229 1723 terminos
254 1683 369 1735 supra
391 1682 685 1731 definivimus,
717 1694 870 1732 nempe
892 1679 1094 1724 &Carinis
1115 1681 1304 1735 usquead
1320 1683 1549 1737 Templum
1565 1682 1863 1724 Statoriscon-

0 1746 2 1775 r
25 1747 88 1777 tra
104 1736 257 1777 AEdem
278 1750 386 1777 nunc
413 1737 485 1778 SS.
499 1737 687 1786 Cosmae,
720 1737 765 1776 &
784 1735 1009 1781 Damiani3
1042 1735 1229 1776 ibienim
1245 1736 1498 1778 mittebatin
1514 1737 1675 1778 Forum
1694 1768 1707 1786 ,
1740 1738 1783 1776 &
1798 1737 1862 1778 al-

0 1804 1 1813 *
25 1802 116 1832 tera
137 1791 193 1831 sui
219 1803 337 1845 parte
367 1791 698 1832 convertebatur
718 1790 770 1832 ad
793 1789 937 1831 AEdem
963 1789 1173 1832 Faustinae.
1227 1793 1290 1833 At
1318 1791 1477 1834 Forum
1499 1790 1525 1832 fi
1547 1791 1785 1833 collocatur
1805 1793 1860 1832 ad

25 1844 181 1888 Edem
198 1845 240 1889 S.
261 1843 431 1888 Nicolai
446 1847 537 1900 plus
551 1845 684 1886 nimio
697 1844 819 1886 distat
833 1844 958 1886 Sacra
972 1844 1054 1886 via.

723 2012 767 2059 C
800 2028 833 2060 A
865 2029 906 2060 P.
976 2011 1165 2061 XVII.

602 2136 714 2178 Idem
741 2136 837 2179 aliis
862 2132 1086 2179 rationibus
1110 2147 1288 2198 urgetur.

0 2298 1 2324 ᾗ
174 2276 242 2313 AEc
265 2271 517 2324 pompejus,
558 2269 715 2325 aliique
738 2270 949 2320 viderint,
992 2270 1013 2313 a
1035 2284 1102 2312 me
1120 2272 1274 2326 partim
1297 2285 1558 2326 propugnata
1574 2304 1586 2322 ‚
1618 2274 1771 2327 partim
1795 2275 1858 2317 fu-

0 2331 1 2370 }
171 2325 243 2365 ssus
264 2326 460 2378 expolita.
519 2326 606 2378 Iam
630 2323 742 2365 idem
764 2326 858 2367 aliis
880 2339 962 2366 non
986 2326 1160 2367 levioris
1183 2327 1389 2368 momenti
1416 2328 1648 2368 rationibus
1670 2330 1859 2371 conabor
1873 2311 1993 2371 (fider

0 2406 1 2434 1
170 2380 441 2432 pervincere,
482 2381 598 2432 quod
615 2379 906 2433 circumposita
931 2380 1047 2422 Foro
1072 2380 1246 2422 aedificia
1265 2380 1432 2423 abunde
1458 2382 1758 2424 demonstrant.
1809 2387 1856 2426 In
1873 2362 2006 2449 ‘32²4wa

30 2433 177 2486 primis
200 2434 328 2474 AEdes
352 2436 386 2474 C
406 2437 440 2475 A
459 2434 483 2474 S
499 2435 539 2474 T
554 2435 595 2474 O
612 2432 746 2479 Rls,
777 2446 864 2486 quae
884 2433 988 2474 olim
1010 2434 1090 2476 fuit
1112 2436 1155 2475 in
1173 2437 1302 2477 Foro,
1346 2439 1494 2490 Neque
1510 2451 1610 2477 vero
1625 2437 1694 2477 hic
1707 2439 1857 2493 aliquis
1872 2427 1891 2448 u
1913 2412 2015 2464 '‘W-²
2071 2440 2076 2445 ·

31 2488 213 2528 inculcet
237 2489 454 2539 regionem
481 2488 701 2535 octavam,
735 2488 835 2529 Fori
858 2489 1455 2541 appellationenuncupatam.
1499 2494 1609 2533 Nam
1626 2485 1983 2546 Atigustus,l'¹³'¹'²‘²

33 2541 130 2582 teste
151 2543 353 2583 Suetonio
377 2574 388 2590 ,
430 2544 598 2595 Spatium
622 2540 733 2581 Urbis
751 2541 910 2595 vicqsiyue
929 2540 1051 2594 divtfit
1069 2546 1106 2582 in
1132 2542 1392 2598 quatuordecim
1411 2548 1571 2599 regiones.
1670 2560 1726 2586 uae
1750 2548 1857 2588 anti·
1874 2538 1983 2586 stag„

33 2595 169 2648 quitus
180 2609 356 2650 quatuor
370 2610 486 2636 erant
501 2627 512 2643 ‚
545 2597 713 2635 auctore
730 2597 944 2642 Varrone,
967 2595 1151 2637 Suburana
1163 2623 1177 2639 ,
1196 2598 1377 2651 Esquilina
1392 2623 1405 2642 ,
1423 2600 1552 2638 Collina
1567 2624 1578 2641 ,
1599 2602 1651 2639 Pa
1667 2604 1791 2643 atina,
1814 2602 1855 2642 in
1871 2598 1899 2622 c,
1919 2599 1978 2644 31²·

31 2662 135 2703 qua,
167 2651 318 2691 eodem
340 2650 545 2691 Suetonio
567 2649 779 2691 referente
797 2682 807 2698 ‚
840 2664 958 2692 natus
980 2651 1033 2691 est
1058 2652 1275 2704 Augustus.
1318 2652 1398 2693 Sed
1415 2653 1595 2694 Castoris
1611 2653 1738 2694 AEdes
1759 2637 1983 2697 antelnwm

34 2705 261 2757 Augustum
285 2703 365 2744 fuit
388 2705 429 2744 in
446 2704 581 2753 Pom,
622 2718 715 2744 cum
739 2704 887 2745 oCtava
906 2706 1038 2748 Urbis
1060 2707 1174 2758 regio
1189 2707 1289 2747 Fori
1316 2708 1512 2755 nomine,
1546 2708 1729 2748 nondum
1754 2723 1857 2752 erat.
1873 2687 1947 2727 ‘siu
1971 2701 2018 2757 ‘⁶7'
2039 2702 2072 2738 3⁰

34 2762 158 2797 Nonne
169 2782 182 2801 ‚
212 2759 347 2812 inquit
363 2759 426 2800 M.
440 2759 606 2799 Tullius
621 2788 632 2806 ,
661 2758 709 2796 ab
721 2759 807 2796 Aulo
819 2759 1017 2810 Posthumio
1028 2759 1158 2799 AEdem
1171 2761 1308 2813 Castori
1320 2761 1360 2801 dy
1373 2762 1500 2801 Polluci
1512 2776 1546 2800 m
1558 2767 1642 2802 foro
1663 2762 1861 2804 dedicatam
1874 2752 1911 2823 13>
1922 2753 1933 2773 ι
1944 2752 1959 2773 e
1970 2741 2053 2776 Nm

30 2811 154 2851 vider?
186 2813 240 2853 Et
264 2813 364 2852 alibi
380 2813 548 2865 pluries.
590 2812 736 2852 Livius
751 2826 764 2853 ε
797 2812 942 2865 Castor&
952 2813 1063 2853 AEdcs
1083 2813 1195 2853 eodem
1206 2827 1316 2857 armo,
1344 2815 1689 2868 ldibusQimtltbus
1699 2817 1857 2859 dedicata
1871 2802 1970 2877 ὶιῗὲ
2009 2848 2071 2876 Ul„

31 2865 91 2918 est.
119 2869 202 2909 Vota
214 2879 289 2908 erat
298 2870 428 2908 Latino
436 2865 515 2907 bello
524 2893 538 2914 ,
567 2865 769 2919 Posthumio
779 2870 962 2907 Dictatore.
992 2869 1104 2908 filius
1116 2870 1296 2913 Duumvir·
1307 2871 1357 2912 ad
1361 2869 1400 2910 id
1406 2872 1418 2909 i
1415 2870 1457 2925 p]
1457 2871 1516 2909 mn
1527 2883 1662 2912 creatus
1672 2870 1862 2913 dedicavit.
1870 2888 1915 2926 bis
1931 2903 2024 2940 ηρ,

904 2924 952 2975 Q
980 2934 998 2976 3
1716 2928 1863 2970 Aliam
