2251 3283
351 128 440 182 340
815 112 976 160 ,ΒΕ
1046 110 1324 160 URBE
1395 110 1705 161 ROMA.

352 193 555 234 scalarum
574 192 738 234 ascensu
754 222 766 242 ,
804 192 872 245 qui
898 191 1033 233 statim
1058 189 1191 232 deliit.
1248 188 1393 231 Patres
1413 201 1556 232 autem
1585 189 1816 244 Templum
1839 203 2070 243 ornarunt,
2106 191 2184 233 do-

353 261 469 288 mum
484 259 770 288 extruxerunt.

140 318 336 368 piisVope-
409 302 501 355 Jam
523 315 625 342 vero
650 301 748 342 Pius
769 302 787 342 1
806 301 860 343 V.
887 299 1045 340 nemini
1067 297 1153 352 post
1175 297 1321 339 haberi
1342 297 1477 338 voluit
1499 298 1540 338 in
1563 298 1801 339 exornanda
1825 297 1965 341 Urbe.
2008 302 2118 342 Nam
2138 312 2183 342 ut

140 383 190 407 ra,
248 347 255 356 ¹
354 367 565 397 memorat
589 355 848 406 Onuphrius.
901 354 1040 394 Multa
1063 365 1205 394 vetera
1222 383 1235 402 ‚
1269 356 1312 394 δε
1332 352 1500 404 publica
1524 352 1721 394 AEdificia
1744 354 1811 394 vel
1836 353 2041 395 vetustate
2055 355 2188 395 colla-

354 409 501 452 bentia
518 441 529 458 ,
560 411 627 452 vel
649 405 896 459 imperfesta
911 438 924 457 ,
955 407 1023 448 vel
1044 407 1114 460 qui
1137 407 1315 447 omnino
1327 405 1403 446 effe
1417 406 1620 447 desierant
1633 409 1873 461 reparavit,
1902 419 1972 448 aut
1986 408 2187 460 perficere

354 465 558 516 aggressus
578 464 648 505 est.
693 464 864 504 Portam
882 492 893 511 ,
926 462 970 500 δε
986 461 1097 502 viam
1111 462 1152 501 in
1167 460 1397 514 Quirinalis
1410 460 1535 501 dorso
1546 459 1650 503 fecit
1665 494 1677 512 ,
1713 462 1847 503 PIAS
1862 462 1913 501 de
1927 463 1998 502 suo
2012 464 2186 503 nomine

352 519 598 572 appellavit.
641 519 766 560 Viam
781 516 1034 558 Flaminiam
1050 515 1226 556 refecit:
1261 514 1685 557 PORTAMautem
1699 516 1720 557 a
1737 516 2021 557 fundamentis
2034 529 2188 558 novam

357 573 507 615 erexit.
559 573 687 615 Viam
715 571 818 611 item
844 570 973 617 fecit,
1016 573 1060 612 &
1085 570 1259 610 Portam
1284 570 1535 623 Angelicatn
1559 568 1611 609 de
1632 573 1702 611 suo
1724 570 1866 624 priore
1887 583 2183 624 nuncupatam.

144 634 260 683 uicina
272 633 331 667 Sa-
360 630 492 682 Aquae
517 626 706 679 Virginis
729 625 872 666 duetus
894 624 1099 665 restituit:
1143 637 1295 664 novam
1321 625 1512 676 Aquam,
1552 625 1616 664 cui
1649 626 1674 666 S
1696 627 1734 667 A
1753 625 1844 666 LO
1862 624 1933 666 NI
1949 625 1998 664 AE
2030 638 2187 666 nomen

143 684 236 722 loma.
358 695 448 722 erat
464 712 474 730 ,
504 682 569 722 illi
593 680 797 731 adjunxit.
840 681 881 719 A
898 679 938 718 R
953 679 987 717 C
1003 679 1037 719 E
1053 679 1098 719 M
1123 678 1163 719 S.
1191 678 1470 731 Angeliauxit
1486 679 1606 719 novis
1619 682 1770 725 muris,
1805 679 1848 719 &
1864 680 2186 734 propugnaculis

356 736 555 776 munivit.
598 733 807 775 Palatium
836 731 1161 773 Pontificiumin
1177 733 1388 774 Vaticano
1401 732 1539 781 auxit,
1571 735 1846 788 ornavitque:
1882 733 2188 774 AEdesinsum-

356 803 430 830 mo
450 788 671 842 Capitolio
693 787 898 827 restituit:
931 800 1015 840 quo
1034 789 1150 841 supra
1174 786 1344 827 Civium
1370 785 1476 826 tedia
1497 788 1686 830 extrusto
1706 788 1950 829 ambulacro
1972 787 2189 829 tranfitum

357 844 522 897 aperuit
539 842 560 883 ὲ
576 842 743 883 Palatio
766 841 903 882 Sancti
920 841 1085 892 Marci,
1117 841 1230 892 cujus
1243 842 1423 881 Turrem
1437 840 1693 883 instauravit.
1735 843 1893 884 Villam
1912 843 2061 895 Juliam
2079 872 2089 890 ,
2121 844 2187 883 cui

358 898 562 947 majorem
577 896 831 948 elegantiam
847 895 1030 947 quaefivit
1045 926 1056 944 ,
1088 895 1343 948 excipiendis
1356 894 1672 943 Cardinalibus‚
1709 896 1962 938 Oratoribus
1977 927 1988 945 ,
2009 896 2051 935 δέ
2069 896 2190 936 Prin-

357 951 520 1003 cipibus
543 951 730 991 Romam
754 950 1020 990 venientibus
1039 963 1245 1002 perpetuo
1266 950 1348 988 usui
1371 948 1449 988 effe
1474 950 1626 991 voluit.
1670 952 1879 992 Thermas
1895 950 2189 993 Diocletianas

145 1014 305 1063 Templum
359 1005 563 1045 vetustate
588 1018 804 1058 corruptas
827 1004 868 1043 in
893 1005 1049 1044 sacram
1083 1004 1122 1044 R
1140 1004 1172 1044 E
1189 1005 1224 1044 <3
1243 1005 1261 1044 Ι
1279 1006 1315 1045 N
1334 1009 1377 1044 ΡΞ
1412 1006 1449 1044 A
1469 1006 1506 1045 N
1523 1006 1557 1044 G
1576 1005 1607 1044 E
1624 1005 1714 1046 LO
1734 1006 1770 1046 R
1786 1005 1833 1047 U
1849 1005 1895 1045 M
1918 1004 2071 1044 ‚AEdem
2086 1034 2099 1050 ‚
2142 1005 2186 1044 δε

144 1068 180 1102 S.
196 1066 315 1100 Mzriae
359 1058 725 1099 Carthulianorum
741 1058 1001 1099 Coenobium
1016 1059 1228 1098 convertit
1243 1089 1253 1105 ,
1288 1071 1370 1097 non
1384 1057 1463 1098 fine
1476 1059 1713 1110 magisterio
1728 1059 1930 1113 duetuque
1948 1060 2186 1101 Ronarotae.

147 1116 304 1166 ιΛηεςείο-
361 1114 638 1153 Molitionem
673 1113 846 1165 Templi
877 1112 1076 1152 Vaticani
1113 1125 1368 1164 magnopere
1407 1115 1639 1164 promovit.
1691 1115 1716 1155 S
1736 1114 1769 1154 E
1785 1115 1830 1154 M
1844 1114 1864 1154 I
1880 1116 1920 1156 N
1936 1116 1972 1154 A
1992 1113 2063 1154 RI
2079 1114 2124 1155 U
2139 1113 2187 1155 M

145 1180 229 1204 rum.
361 1168 401 1207 R
417 1169 457 1208 O
475 1168 520 1207 M
538 1170 574 1208 A
593 1170 631 1209 N
649 1167 695 1208 U
709 1167 758 1206 M
781 1167 866 1218 post
879 1166 1121 1206 Concilium
1137 1167 1441 1207 Tridentinum
1455 1167 1647 1209 instituit.
1692 1170 1813 1209 Tunc
1828 1172 1870 1211 δε
1888 1166 2190 1209 Pontificisne-

145 1216 312 1264 (fidem.
357 1234 431 1273 pos
453 1222 494 1262 S.
515 1222 690 1262 Carolus
711 1220 1032 1262 reconcinnavit
1057 1220 1207 1260 AEdem
1232 1220 1272 1261 S.
1289 1220 1511 1271 Praxedis,
1541 1223 1694 1262 iterum
1720 1222 1857 1275 postea
1876 1222 1927 1262 ab
1945 1222 2189 1264 Alexandro

144 1265 325 1303 Praxctlasa
358 1275 559 1316 Mediceo
582 1275 823 1324 Cardinali,
859 1274 1027 1328 pisturis
1050 1288 1259 1316 ornatam.
1302 1275 1472 1315 Marcus
1495 1289 1598 1316 vero
1623 1277 1776 1317 Siticus
1797 1275 2096 1317 Cardinalisab
2113 1277 2190 1317 Al-

144 1319 180 1353 S·
195 1316 307 1353 Carolo
356 1342 519 1382 taemps
531 1330 704 1371 eximias
718 1329 847 1370 AEdes
861 1329 1034 1370 molitus
1047 1328 1161 1368 estad
1177 1329 1311 1369 Sancti
1330 1330 1608 1380 Apollinaris.
1642 1331 1761 1372 Idem
1774 1332 1816 1371 in
1831 1331 1939 1371 AEde
1953 1331 2191 1371 Transtibe-

143 1377 301 1403 exornata.
358 1384 451 1424 rina
480 1385 665 1435 Virginis
688 1384 894 1424 Sacellum
920 1384 1085 1429 struxit,
1128 1384 1170 1422 &
1197 1384 1379 1424 ornavit.
1435 1385 1671 1426 Gulielmus
1695 1386 1871 1426 Sirletus
1894 1384 2123 1437 Templum
2147 1386 2188 1426 S.

144 1458 305 1508 Templum
361 1437 632 1479 Laurentiiin
650 1438 965 1487 Palispernasua
981 1436 1164 1490 impensa
1177 1437 1343 1479 refecit.
1380 1438 1607 1490 Templum
1620 1439 1874 1480 admirandae
1889 1438 2096 1491 Virginis,
2118 1453 2190 1479 co-

144 1508 343 1546 &Mas-1221
361 1505 595 1544 gnomento
611 1492 633 1532 a
651 1492 1007 1541 MONTIBUS,
1033 1505 1077 1532 ut
1090 1492 1141 1533 ad
1156 1491 1310 1531 tectum
1323 1492 1637 1545 perduceretur,
1662 1508 1815 1547 magno
1828 1492 2076 1545 adjumento
2093 1492 2188 1535 fuit.

143 1559 326 1597 Mbmslm,
362 1548 487 1599 Quod
507 1547 659 1587 deinde
680 1548 868 1587 inaurata
888 1546 1114 1592 testudine,
1148 1559 1389 1586 marmoreo
1412 1547 1681 1598 pavimento,
1714 1562 1871 1599 organo
1895 1547 2114 1600 splendido
2142 1551 2187 1590 δε

357 1614 511 1653 magno
527 1633 537 1650 ‚
570 1601 833 1654 elegantibus
849 1602 973 1646 Aris,
1009 1601 1052 1639 δε
1068 1599 1239 1641 Sacellis
1253 1602 1445 1652 provexit
1458 1601 1617 1641 cultum
1633 1601 1813 1643 Praesidis
1830 1602 2019 1655 Reginae.

414 1655 512 1696 Pius
533 1657 589 1698 V.
614 1655 683 1695 etfi
705 1655 851 1695 maluit
874 1654 1081 1695 destruere
1094 1655 1178 1695 vim
1194 1655 1368 1695 hostium
1384 1655 1573 1695 Ecclefiae
1588 1687 1599 1705 ‚
1631 1670 1753 1710 quam
1772 1656 2040 1697 aedificiorum
2056 1656 2190 1698 moles

144 1715 265 1766 {fides
277 1719 335 1752 Sa·
357 1721 549 1750 extruere
563 1741 576 1759 ‚
612 1715 655 1751 ΗΞ
673 1711 711 1752 D
727 1709 761 1749 E
777 1710 801 1749 S
822 1722 962 1749 tamen
979 1708 1107 1749 Sacrae
1125 1709 1460 1761 Inquifitionisin
1481 1710 1691 1751 Vaticano
1709 1709 1839 1752 fecit:
1874 1711 1913 1752 S.
1932 1711 2189 1753 DOMINI-

143 1781 201 1803 τηε
218 1767 343 1817 Inquisz'-
360 1764 420 1804 CI
446 1764 674 1812 Templum
707 1777 801 1803 cum
824 1763 1043 1804 Coenobio
1067 1764 1320 1803 Monialium
1355 1764 1397 1802 in
1421 1765 1582 1803 summo
1609 1765 1818 1817 Quirinali
1843 1761 2039 1806 fabricari
2063 1765 2186 1818 juffit.

145 1821 244 1854 tionis.
357 1817 406 1857 Id
434 1831 537 1858 vero
558 1831 661 1871 opus
686 1818 893 1857 nobilium
909 1817 1134 1868 Virginum
1151 1817 1469 1866 Romanorum,
1501 1820 1658 1870 quaeibi
1673 1821 1711 1859 se
1728 1821 1824 1861 Deo
1838 1832 2069 1866 voverunt,
2103 1834 2188 1860 ma-

144 1867 342 1916 TemPlumS·
359 1885 543 1924 gnopere
556 1871 716 1912 auctum
731 1871 853 1920 est‚ac
870 1872 1097 1923 Templum
1116 1871 1341 1922 magnifico
1356 1885 1503 1912 ornatu
1518 1873 1762 1924 perduelum
1777 1873 1826 1914 ad
1843 1874 2023 1914 culmen.
2042 1875 2188 1915 Proxi-

142 1920 308 1955 D0W²⁴²¹ssss
359 1940 473 1965 mum
487 1927 592 1966 item
611 1927 834 1978 Virginum
850 1925 1113 1966 domicilium
1130 1926 1288 1978 aliquot
1299 1939 1398 1967 ante
1413 1929 1530 1967 annis
1546 1927 1709 1968 fundari
1724 1941 1913 1979 coeptum
1931 1940 2043 1968 novo
2058 1930 2189 1969 Tem-

143 1993 187 2028 Et
205 1993 238 2029 S,
252 1993 316 2027 Ca-
358 1981 430 2032 plo
445 1980 485 2020 S.
502 1982 537 2020 C
554 1982 593 2021 A
610 1981 694 2022 ΤΗ
710 1981 743 2021 Ε,
760 1980 799 2019 R
814 1982 831 2020 Ι
849 1983 884 2022 N
902 1986 946 2021 AE
970 1980 1156 2020 Senensis
1169 1993 1355 2033 patronae
1369 1981 1614 2022 decoratum
1631 1982 1699 2028 est,
1717 1982 1975 2036 aedificioque
1991 1981 2189 2022 domesti-

141 2041 262 2077 therinae
358 2047 410 2074 co
437 2035 699 2086 ampliatum.
753 2035 886 2074 Porro
913 2034 1024 2074 idem
1051 2034 1250 2075 Pontifex
1266 2035 1492 2075 Societatis
1510 2037 1598 2087 lesu
1613 2037 1803 2076 Patribus
1818 2038 2006 2077 Domum
2042 2037 2190 2077 POE-

141 2092 247 2128 Sencn.
361 2090 400 2129 N
417 2089 434 2128 Ι
451 2089 490 2128 Τ
505 2089 537 2128 E
557 2091 594 2129 N
611 2089 681 2128 TI
699 2090 735 2129 A
756 2089 825 2128 RI
842 2091 882 2129 O
900 2089 938 2128 R
956 2092 998 2131 U
1015 2090 1061 2129 M
1093 2088 1312 2136 fundavit,
1343 2090 1614 2143 instruxitque
1638 2091 1894 2131 redditibus:
1929 2090 2029 2130 utin
2046 2090 2187 2132 Bafiii-

356 2156 403 2182 ca
429 2144 632 2183 Vaticana
657 2142 943 2193 expeditiores
967 2143 1140 2183 haberet
1165 2144 1375 2184 solvendis
1400 2144 1635 2185 animorum
1661 2145 1856 2191 nexibus,
1890 2145 1956 2198 qui
1973 2146 2187 2188 debellata

356 2196 597 2236 Othomani
621 2196 738 2237 classe
751 2198 884 2250 captis
898 2197 1228 2237 hostibusvincla
1242 2197 1464 2248 injecerat.
1511 2203 1571 2239 At
1586 2199 1671 2250 ejus
1686 2213 1814 2250 nepos
1829 2199 2017 2239 Michael
2033 2200 2186 2241 Bonei-

355 2250 418 2290 lus
442 2251 616 2303 infignes
642 2253 690 2291 Αἵ
711 2253 749 2293 D
765 2252 836 2292 ES
859 2251 1053 2291 condidit
1077 2265 1208 2303 prope
1224 2253 1453 2305 Templum
1468 2254 1493 2293 S
1508 2254 1546 2294 S.
1566 2253 1888 2306 Apostolorum,
1924 2253 1995 2293 etsi
2008 2268 2088 2305 prae
2100 2269 2186 2296 ma·

140 2315 299 2364 Templmn
353 2305 573 2356 gnitudine
599 2306 738 2345 lnsulae
764 2304 1088 2357 stmipeffecitas.
1146 2306 1294 2346 Petrus
1319 2309 1512 2348 Donatus
1536 2307 1684 2348 Caelius
1701 2308 1873 2360 Templi
1901 2309 2067 2348 excelsae
2083 2310 2184 2350 Vir-

140 2367 175 2400 S.
189 2359 461 2411 stim-iaedginis
493 2358 516 2399 a
554 2361 592 2399 V
609 2362 647 2400 A
667 2361 703 2398 L
722 2359 791 2400 LI
810 2362 843 2400 C
863 2360 894 2402 E
911 2360 946 2399 L
963 2360 997 2399 L
1017 2363 1054 2400 A
1087 2358 1280 2400 fundavit
1310 2361 1519 2413 apfidem:
1562 2363 1771 2415 coemptis
1804 2362 1981 2402 AEdibus
2004 2363 2184 2416 Presby-

141 2417 301 2453 flszfficclla.
353 2426 540 2453 terorum
574 2414 929 2467 Congregationis
965 2414 1159 2455 Oratorii
1194 2414 1504 2456 habitationem
1537 2416 1749 2458 dilatavit.
1802 2415 1852 2457 Id
1885 2429 2014 2469 porro
2050 2417 2184 2458 Tem-

353 2467 466 2516 plum
490 2468 780 2520 magnitudine
804 2482 850 2508 ac
870 2468 1078 2520 dignitate
1101 2471 1404 2520 memorabile,
1447 2471 1654 2523 Gregorio
1674 2473 1719 2512 X
1736 2474 1753 2512 Ι
1769 2472 1786 2512 Ι
1804 2475 1836 2513 Ι.
1864 2470 2070 2511 Pontifice
2085 2501 2098 2521 ,
2139 2473 2180 2514 S.

349 2522 553 2575 Philippo
568 2523 700 2564 Nerio
715 2521 915 2562 fabricam
931 2524 1095 2575 piorum
1111 2523 1409 2574 largitionibus
1421 2525 1628 2565 moliente
1640 2553 1654 2571 ,
1686 2525 1930 2567 Alexander
1945 2526 2186 2568 cardinalis

349 2576 568 2625 medices,
603 2576 738 2629 postea
765 2576 964 2617 Pontifex
990 2577 1082 2617 Leo
1104 2578 1195 2618 XI.
1224 2579 1330 2620 fasta
1356 2580 1397 2618 in
1416 2579 1735 2620 fundamentum
1750 2579 2184 2633 primolapideauspi-

348 2643 488 2677 catus,
522 2630 677 2670 deinde
703 2631 937 2671 absolutum
964 2632 1239 2674 consecravit.
1287 2634 1563 2673 Anteriorem
1582 2647 1743 2687 partem
1762 2634 1949 2687 Angelus
1963 2634 2078 2674 Petri
2097 2636 2187 2675 Do-

347 2686 434 2724 nati
459 2684 590 2725 fratcr
612 2686 820 2725 tiburtino
843 2686 981 2737 lapide
1006 2689 1268 2739 compactam
1290 2688 1528 2740 elatamque
1553 2688 1772 2736 fundavit,
1815 2688 1983 2728 ornavit
2000 2718 2011 2738 ‚
2044 2688 2183 2741 perfe-

348 2738 433 2786 cit,
468 2752 510 2778 ut
535 2753 681 2779 monet
704 2740 950 2791 inscriptio,
983 2741 1177 2781 exn-ueto
1201 2743 1362 2794 insuper
1382 2756 1431 2782 ac
1453 2745 1604 2783 dotato
1619 2743 1800 2783 Sacello.
1845 2745 2096 2796 Antequam
2113 2756 2186 2782 nu-

142 2803 291 2836 {Fano-ua
350 2805 421 2840 per
436 2792 672 2833 disturbatis
685 2794 931 2846 propinquis
946 2794 1138 2836 domibus
1155 2827 1166 2843 ‚
1201 2799 1243 2837 Ex:
1262 2797 1456 2837 ruinofis:
1489 2796 1696 2849 patefacta
1709 2811 1840 2837 raram
1856 2797 1897 2835 in
1913 2797 2183 2837 latitudinem

135 2852 299 2902 14,(ιῑῑ-Ιιρψείιμ
347 2846 552 2900 strataque
577 2849 669 2899 via,
702 2849 821 2891 novis
844 2849 1002 2891 circum
1032 2849 1185 2892 aedibus
1208 2851 1427 2902 excitatis,
1459 2853 1642 2904 mirum,
1673 2851 1873 2907 quaeloco
1887 2851 2067 2905 species,
2099 2864 2184 2945 qtife

2036 2919 2132 2959 amp
2154 2918 2187 2945 1-
