2251 3283
512 76 841 127 LIBER
911 75 1403 126 TERTIUS.
1801 95 1893 146 217

41 165 88 209 ab
112 165 169 207 his
185 176 200 210 3
228 157 294 216 sed
314 158 408 216 quod
422 158 462 200 de
483 158 540 200 his
553 160 656 214 prius
669 181 682 200 ³
720 156 762 196 id
779 157 825 196 ab
843 155 1018 200 ludendo,
1052 169 1118 197 auc
1135 156 1243 211 lustro
1262 156 1337 209 est,
1378 155 1474 210 qnod
1489 157 1720 200 circumibant
1737 161 1896 203 lademer

40 218 212 263 ancilibus
231 219 376 258 armati.
418 214 545 270 Quod
569 226 673 267 ergo
687 212 790 254 Salii
806 243 820 262 ,
852 213 922 267 qui
945 213 1140 266 galeam,
1171 214 1397 267 clypeum,
1431 213 1475 251 δε
1504 217 1645 256 ensem
1669 215 1897 268 ferebant,

40 275 143 318 illud
165 276 206 315 in
230 272 354 313 sacris
376 269 678 315 circumirent,
712 281 796 307 non
819 266 933 322 quod
958 268 1015 308 ibi
1043 270 1358 309 recenserentur
1381 279 1521 314 arma,
1556 272 1599 310 δε
1622 271 1783 312 milites
1801 303 1812 321 ,
1844 286 1892 314 ut

42 330 198 387 placuit
213 327 500 369 Volaterrano
515 355 527 372 ,
560 322 718 363 dierum
742 322 798 363 est
816 323 1148 364 armilustrium.
1194 322 1377 364 Positum
1390 322 1472 362 hoc
1486 337 1575 364 erat
1588 324 1630 364 in
1645 325 1733 377 ipso
1746 327 1889 368 Colle.

42 387 153 428 Nam
170 381 418 424 Plutarchus
440 380 492 419 de
510 378 702 418 Romulo
724 377 775 418 fic
799 377 944 418 scribit
963 392 973 418 :
1006 380 1137 432 Corpus
1157 378 1264 418 Tatii
1285 391 1410 431 magno
1430 377 1551 418 honore
1567 382 1717 427 Romam
1736 379 1894 420 delatum

41 438 235 480 tumulavit
265 440 303 474 a'n
326 435 497 474 Aventino
518 431 570 471 ad
586 431 866 483 Armilustrium.
913 433 1099 474 Censum
1124 446 1267 474 autem
1291 434 1478 474 militum
1491 465 1506 484 ‚
1547 435 1713 487 aliaque
1736 434 1892 478 bellica

41 491 182 534 munia
197 492 382 541 Campus
394 488 576 528 Martius
587 486 657 527 fibi
672 487 722 527 ab
736 487 865 527 initio
880 486 1143 530 vendicavit.

97 543 287 596 Subjedla
309 543 426 584 estab
441 554 620 595 utroque
634 543 768 582 latere
780 541 895 583 Colli
917 543 1141 584 Aventino
1154 543 1356 597 planicies
1369 542 1550 595 amplior
1563 543 1637 584 illa
1654 575 1665 593 ‚
1698 557 1785 597 quae
1799 545 1891 587 sini-⁵

39 600 229 643 strorsum
249 598 422 639 alluitur
435 597 587 639 Tiberi
604 628 615 645 ‚
649 597 718 637 ubi
745 597 786 636 in
810 597 904 649 ipsis
928 597 1143 638 moenibus
1176 600 1207 640 P
1223 600 1260 641 Y
1279 599 1318 640 R
1338 600 1375 640 A
1393 598 1473 638 Ml
1491 600 1514 640 S
1539 598 1811 652 sepulchralis
1835 602 1887 643 C.

40 653 192 696 Caestii.
235 653 335 694 Haec
348 665 396 692 ex
410 652 624 706 quadratis
638 654 795 695 constat
806 652 1089 693 marmoribus
1103 685 1114 702 ‚
1136 653 1407 694 decrescente
1424 655 1625 707 paulatim
1639 685 1653 705 ,
1681 655 1780 694 &in
1797 670 1891 697 acu-

39 722 135 750 men
157 706 370 748 desinente
393 706 605 747 strustnra.
650 711 696 747 C.
719 705 861 748 Caestio
884 707 1060 748 condita
1083 707 1163 757 est,
1197 722 1244 749 ex
1268 723 1413 749 eorum
1427 710 1649 763 Collegio,
1680 709 1750 762 qui
1774 711 1887 766 quod

37 764 205 816 epulare
220 760 468 803 sacrificium
484 761 527 801 in
542 761 651 801 ludis
664 760 881 811 facerent,
917 762 1133 814 Epulones
1146 763 1260 805 dicti.
1304 765 1472 814 Duplex
1488 765 1529 804 in
1544 779 1590 806 ea
1604 765 1765 807 titulus.
1809 767 1890 808 Al»

37 831 124 869 ter,
155 830 242 871 quae
257 816 545 858 Occidentem
561 815 741 869 speetat,
773 816 1037 871 ficinscripta
1053 817 1521 874 bipedalibuslitteris:

37 947 113 1008 C.
159 944 535 1010 CESTNS.
582 947 646 1007 L.
703 947 767 1008 F.
816 947 1004 1007 Poss.
1053 945 1373 1011 EPVLO.
1415 948 1549 1011 PR.
1592 951 1748 1015 ΤΚ.
1783 950 1882 1012 PL

412 1055 580 1132 vii.
642 1072 845 1132 VIR.
906 1068 1517 1135 EPVLONVM

33 1193 453 1262 Alteraverbparte‚
485 1207 566 1263 qua
583 1207 813 1250 Orientem
829 1206 1011 1261 speaat,
1044 1207 1121 1254 fic3
1152 1207 1220 1248 sed
1235 1208 1374 1250 multo
1388 1208 1818 1251 minoribuslitteris:

103 1318 266 1356 OPVS.
293 1318 694 1358 ABSOLVTVM.
723 1319 816 1355 EX.
843 1319 1299 1357 TESTAMENTO.
1326 1319 1560 1358 DIEBVS.
1587 1320 1806 1358 CCCXXX

772 1382 1148 1452 ARBITRATV

194 1509 404 1547 PONTI.
441 1508 481 1544 P.
512 1508 551 1544 f.
580 1507 920 1547 CLAMELAE.
949 1510 1235 1548 HEREDIS.
1263 1511 1352 1548 ET.
1379 1510 1639 1549 PONTHI.
1679 1511 1708 1549 L

84 1638 184 1679 Non
206 1637 331 1690 longe
357 1633 499 1675 visitur
522 1634 565 1676 T
582 1633 617 1676 E
632 1634 657 1676 S
671 1635 711 1675 T
726 1635 765 1675 A
783 1635 818 1675 C
835 1635 870 1676 E
887 1637 929 1678 U
947 1635 972 1676 S
995 1649 1133 1676 mons.
1176 1637 1302 1678 Hunc
1326 1637 1428 1679 vero
1448 1638 1696 1680 colliculum
1720 1637 1742 1679 e
1767 1638 1877 1680 valle
1893 1647 2065 1684 fisonsTea

29 1692 213 1746 undique
234 1703 507 1743 exurgentem
528 1689 751 1736 testarum,
783 1692 1058 1745 vasorumque
1080 1689 1331 1744 fragmentis
1344 1693 1524 1734 extitisse
1537 1693 1672 1744 ajunt.
1716 1694 2018 1750 Mirumftaceus.

0 1781 1 1786 ,
29 1747 136 1788 unde
158 1758 274 1786 panta
287 1744 410 1798 copia
424 1745 665 1797 figlinorum
677 1758 882 1795 operum:
918 1759 995 1786 nec
1007 1746 1104 1787 satis
1118 1749 1243 1787 causae
1257 1746 1450 1797 affertur,
1482 1749 1610 1789 curin
1626 1762 1720 1790 eum
1737 1750 1879 1791 locum

26 1812 321 1853 comportata,
355 1803 399 1841 δε
423 1801 466 1840 in
492 1800 706 1841 cumulum
719 1813 968 1841 coacervata
982 1800 1153 1843 fuerint.
1199 1802 1417 1845 Fiffilium
1429 1803 1879 1858 quidemibireliquiae

25 1855 224 1909 congestae
248 1855 590 1908 conspiciuntur:
625 1854 692 1894 sed
715 1868 787 1895 cur
811 1855 852 1895 in
877 1855 1035 1896 collem
1060 1858 1272 1897 creverint
1284 1858 1355 1898 alii
1372 1858 1676 1912 probabiliter,
1708 1859 1877 1910 silicet,

26 1923 254 1965 exponant.
299 1911 411 1951 Nam
427 1909 478 1950 de
492 1923 544 1950 eo
556 1921 806 1964 perpetuum
821 1911 926 1963 apud
944 1911 1378 1964 antiquosfilentium.
1418 1913 1603 1969 Qidam
1619 1914 1770 1955 Romae
1784 1916 1878 1969 opi-

25 1978 176 2006 nantur
199 1964 357 2005 faCtum
384 1964 406 2005 e
431 1964 681 2015 fragmentis
703 1978 899 2005 urnarum
915 1997 926 2014 ,
959 1978 1045 2019 quae
1070 1967 1175 2006 olim
1192 1967 1350 2008 fiebant
1364 1968 1414 2009 ad
1431 1968 1703 2023 excipiendos
1715 1970 1876 2011 cineres

25 2033 310 2061 crematorum
332 2031 558 2073 corporum
575 2050 587 2067 ,
622 2022 664 2059 ἃ
683 2033 833 2072 magna
850 2020 972 2073 copia
986 2048 999 2066 ‚
1032 2019 1278 2075 diversaque
1292 2021 1421 2076 figura
1436 2024 1628 2077 quotidie
1643 2038 1727 2064 non
1739 2026 1875 2066 solum

26 2074 50 2115 ὲ
64 2075 197 2115 vineis
211 2105 223 2123 ,
246 2074 314 2113 sed
330 2086 423 2114 tota
438 2074 634 2114 Romana
646 2074 830 2126 planicie
843 2074 1113 2117 effodiuntur.
1146 2077 1227 2116 Sed
1241 2090 1292 2118 an
1308 2091 1405 2119 vere
1420 2079 1462 2119 in
1477 2092 1602 2120 unum
1615 2092 1875 2124 coacervat-ae

24 2129 165 2171 locum
182 2159 194 2177 ‚
227 2142 300 2168 cur
315 2160 328 2179 ,
358 2129 611 2183 quandoque
623 2129 783 2169 fuerint
797 2161 810 2178 ‚
841 2129 983 2170 dicere
997 2143 1078 2170 non
1091 2130 1268 2184 possunt.

80 2185 171 2238 jam
197 2196 300 2223 vero
320 2197 452 2238 prope
473 2182 645 2223 fluvium
662 2183 767 2224 olim
794 2184 820 2226 S
838 2187 874 2225 A
894 2184 964 2226 LI
981 2186 1023 2226 N
1037 2184 1088 2224 AE
1106 2218 1116 2232 ‚
1149 2187 1243 2228 salis
1256 2187 1513 2229 conditoria.
1558 2188 1726 2232 Ibidem
1755 2191 1797 2233 N
1813 2191 1876 2233 A-

27 2240 67 2280 V
86 2241 122 2280 A
142 2238 176 2278 L
192 2238 211 2278 I
227 2241 281 2279 A.
334 2238 510 2279 Livius:
555 2240 732 2277 porticum
761 2251 866 2278 extra
895 2250 1032 2292 portam
1062 2240 1306 2294 Trfgemmam
1328 2267 1343 2285 ,
1381 2243 1424 2283 df
1452 2244 1562 2283 aliam
1591 2246 1664 2297 post
1696 2247 1875 2286 Navalia.
1887 2251 2014 2298 Dec.4.

24 2294 158 2335 Erant
181 2294 293 2334 enim
316 2292 539 2347 conjnnfflt
563 2293 674 2334 loca.
719 2293 755 2334 E
780 2294 976 2348 Regione
1002 2296 1227 2337 Navalium
1250 2309 1364 2339 trans
1388 2297 1585 2340 Tiberim
1613 2301 1643 2341 P
1661 2301 1699 2342 R
1719 2304 1756 2342 A
1776 2302 1816 2343 T
1832 2304 1866 2342 A
1886 2301 1940 2338 lib.
1959 2315 2020 2339 10·

24 2347 163 2402 QUI
180 2351 219 2390 N
235 2348 274 2389 T
288 2349 307 2389 1
323 2349 362 2388 A
376 2380 389 2398 ,
422 2348 446 2388 a
471 2347 653 2402 Quintio
677 2348 938 2388 Cincinnato
963 2348 1088 2406 disla.
1135 2349 1307 2393 Livius:
1341 2356 1389 2392 L.
1409 2353 1576 2407 Qtz'mz'm
1597 2366 1694 2395 tram·
1711 2355 1872 2396 Tiberim
1888 2365 2083 2414 Dec‚1‚l,3‚

25 2415 141 2442 eontra
162 2416 240 2442 eum
262 2401 374 2456 ipsum
396 2403 508 2442 locum
528 2426 542 2444 ,
581 2400 645 2442 ubi
661 2416 754 2441 nunc
777 2404 943 2443 Navalia
951 2402 1036 2455 jum
1060 2428 1074 2445 ,
1111 2418 1258 2459 quatuor
1268 2408 1435 2461 jugerum
1454 2408 1585 2448 colebat
1603 2423 1728 2464 agrum
1747 2436 1760 2453 ,
1798 2425 1873 2465 quae

17 2468 121 2511 prata
143 2457 296 2511 Qtintia
315 2468 496 2496 vocantur.
537 2459 686 2511 Itaque
708 2471 852 2500 vetera
869 2459 1071 2506 Navalia,
1105 2461 1312 2513 Dionyfio
1324 2462 1493 2504 audiore
1507 2495 1517 2512 ,
1548 2476 1680 2519 prope
1694 2478 1872 2519 pontem

23 2511 254 2553 Sublicium
277 2511 492 2552 statuenda
514 2515 621 2554 sunt.
664 2512 790 2554 Prata
813 2525 955 2555 autem
973 2515 1152 2567 Quintia
1168 2547 1180 2566 ‚
1215 2530 1299 2557 non
1327 2531 1374 2558 ea
1400 2519 1605 2567 dicenda,
1635 2533 1722 2574 quae
1737 2521 1867 2562 hodie

21 2567 179 2619 vulgari
203 2567 491 2620 appellatione
507 2597 518 2614 ,
564 2567 592 2608 P
611 2568 651 2608 R
670 2569 706 2607 A
725 2569 817 2609 TA
834 2599 847 2617 ,
879 2568 1021 2620 jacent
1043 2570 1156 2610 inter
1180 2572 1343 2613 Molem
1372 2575 1580 2624 Adriani,
1615 2576 1656 2615 &
1682 2575 1869 2617 Pontem

21 2621 223 2661 Milvium
257 2634 462 2673 tantoque
488 2621 717 2662 intervallo
752 2622 776 2662 a
812 2636 943 2676 ponte
976 2623 1081 2664 olim
1107 2625 1297 2668 Sublicio
1319 2659 1332 2678 ,
1376 2630 1421 2669 δε
1446 2630 1676 2671 Navalibus
1698 2631 2060 2683 distant.p„2mM„

23 2676 359 2735 Nuncupat-haec
387 2676 622 2729 Procopius
647 2679 683 2718 N
703 2677 738 2717 E
757 2677 798 2718 R
814 2679 855 2719 O
873 2681 911 2719 N
928 2681 947 2721 Ι
967 2684 1003 2718 A
1023 2682 1062 2721 N
1080 2681 1118 2721 A
1144 2695 1293 2735 prata:
1330 2685 1506 2737 Quintia
1530 2698 1644 2725 certe
1660 2699 1742 2726 non
1757 2689 2013 2737 sumamma,

23 2732 171 2785 Neque
195 2744 307 2771 enim
336 2731 516 2772 Navalia
537 2730 709 2772 fuerunt
734 2732 776 2772 in
797 2746 947 2786 campo
970 2734 1160 2786 Martio,
1191 2738 1260 2790 qui
1287 2740 1446 2792 campis
1468 2740 1552 2780 illis
1575 2740 1631 2781 est
1653 2741 1867 2794 objcerus3

20 2785 93 2825 etsi
116 2799 198 2825 non
222 2785 439 2834 omnibus,
484 2788 527 2827 &
550 2784 662 2826 ultra
679 2818 692 2836 ‚
724 2786 775 2827 ad
800 2801 976 2841 pontem
1005 2791 1127 2844 usque
1143 2792 1342 2834 Milvium
1367 2795 1582 2848 protensis.
1633 2797 1868 2849 Quomodo

18 2840 131 2880 enim
154 2868 169 2888 2
209 2839 236 2880 fi
255 2840 316 2881 ibi
341 2838 536 2891 fuissent,
577 2841 814 2896 intersepto
840 2844 1042 2940 pontibgs
1064 2845 1215 2898 fluvio,
1256 2850 1458 2892 onerariae
1478 2862 1719 2905 magnaeque
1742 2865 1869 2894 naves

1051 2913 1073 2942 e
1682 2907 1869 2959 praealtis
