2251 3283
522 95 847 145 LIBER
916 97 1404 146 TERTIUS.
1790 96 1875 152 281

42 181 189 225 fluvius
211 177 423 221 alluiffet?
466 180 616 232 Neque
639 179 752 218 enim
776 177 980 219 credibile
1003 177 1083 228 est,
1126 192 1219 219 eum
1242 192 1429 220 extrema
1453 180 1700 230 timentem,
1734 184 1759 224 fi
1781 183 1882 226 hor-

30 237 80 278 -ti
108 236 129 277 ἰι
155 235 301 275 Tiberi
327 234 452 285 longe
476 232 651 273 aberant
672 262 685 281 ,
724 233 776 272 ab
799 234 859 273 eis
883 232 1080 284 egressum
1106 232 1157 273 de
1171 233 1309 274 media
1333 234 1456 274 noete
1481 248 1555 287 per
1580 238 1761 279 mediam
1793 239 1881 280 Ur·

46 291 143 332 bem
164 288 213 329 ad
237 288 406 328 fluvium
430 283 668 326 decurrisse.
721 287 930 331 Accedit,
969 287 1080 339 quod
1106 289 1253 336 Nem,
1284 289 1474 340 cogitans
1487 288 1537 327 dc
1553 289 1670 342 fuga,
1702 292 1880 332 liberto-

45 358 134 385 rum
170 342 381 384 fidiffimos
412 340 604 382 Hostiam
634 341 889 393 praemiserat
913 371 925 389 ,
965 344 1048 393 quo
1077 341 1230 381 deinde
1261 341 1442 382 secundo
1482 342 1628 383 Tiberi
1663 346 1759 385 esset
1792 347 1880 398 ipse

43 409 265 446 venturus,
294 396 347 437 ab
372 394 527 435 eisdem
551 394 687 434 hortis
700 395 836 434 soluto
851 395 1046 447 navigio:
1082 396 1336 447 Itaquecum
1351 396 1480 435 alium
1498 396 1693 437 haedere
1707 400 1881 451 scripto-

46 465 136 493 rem
169 464 252 491 non
284 449 466 490 viderim
489 479 502 497 ‚
555 461 631 489 nec
653 448 758 488 mihi
783 448 1038 488 manifestius
1060 462 1353 501 argumentum
1379 449 1424 489 fit
1452 466 1464 495 ς
1506 451 1690 491 arbitror
1717 454 1879 493 Hortos

46 505 300 547 Servilianos
337 516 419 543 non
454 504 581 554 longe
605 502 627 542 ἐι
657 502 791 543 Ponte
817 516 924 542 nuuc
951 502 1071 543 Sixto
1096 503 1137 541 iu
1166 504 1331 543 minore
1354 517 1505 556 campo
1529 504 1644 544 fuiffe
1667 506 1716 544 ad
1743 508 1878 560 ripam

43 560 230 602 Tiberis.
285 558 366 600 Hic
386 557 498 598 enim
519 584 532 602 ‚
573 557 809 597 affirmante
834 557 1068 604 Strabone,
1112 570 1263 609 praeter
1281 558 1487 606 plurima,
1533 561 1576 599 &
1601 560 1879 611 pulcherrima
1895 570 2087 621 Strabol.3.

42 611 217 656 aedificia
242 613 388 653 multis
406 612 534 652 etiam
556 611 683 660 lucis,
726 613 767 652 δι
791 610 930 651 hortis
953 612 1005 651 ad
1025 611 1326 652 amoenitatem
1351 612 1528 653 confitus
1549 626 1653 654 erar.
1707 616 1800 667 Qua
1825 616 1878 656 de

39 670 153 710 causa
177 667 373 721 Pompeii
399 667 529 706 etiam
542 661 927 705 hortosinferiores
941 664 1093 705 habere
1107 666 1264 717 potuit.
1305 666 1444 705 Multa
1458 666 1667 708 fimulacra
1685 698 1697 716 ‚
1730 682 1880 721 praeter

41 724 257 764 Caererem
271 753 282 770 ,
318 721 360 760 &c
378 720 546 762 Vestam
571 718 787 760 sedentem
802 750 815 769 ‚
849 721 893 759 &
912 719 1159 773 Apollinem
1173 746 1186 765 ,
1219 721 1490 762 commendat
1505 721 1666 762 Plinius
1686 723 1728 762 in
1743 724 1877 765 hortis
1892 729 1973 765 le.
1987 730 2010 766 l.
2028 740 2086 778 35,

39 777 302 818 Servilianis.
1892 790 1961 828 cap.
1985 794 2013 829 ς.

98 831 230 873 Horti
254 831 279 872 S
299 832 332 870 A
351 827 388 869 L
405 831 449 873 U
464 829 490 870 S
508 830 546 870 T
559 828 580 869 I
596 830 631 869 A
647 829 690 870 N
704 829 724 869 Ι
747 828 789 869 in
807 828 1018 881 Quirinali
1034 827 1084 868 ad
1098 828 1294 869 Salariam
1311 841 1478 882 portam
1495 861 1506 877 ,
1539 829 1618 870 five
1633 831 1848 874 Collinam
1863 865 1875 884 ,
1896 843 2064 878 Horam„

42 884 176 927 fuere.
229 883 388 927 Audior
414 897 559 924 eorum
583 883 754 934 Crispus
780 883 973 924 Salustius
991 883 1185 924 Romana
1207 883 1365 937 primus
1386 885 1428 923 in
1457 884 1650 931 historia;
1680 886 1876 941 idemque
1892 892 2019 941 lolliani.

39 942 206 981 suorum
229 939 482 980 amoenitate
495 940 734 980 Hortorum
749 938 906 978 nemini
922 938 1134 979 secundus.
1179 939 1261 981 Hic
1274 952 1322 978 ex
1339 937 1495 979 Africae
1510 939 1694 981 Praetura
1708 972 1720 990 ‚
1750 955 1875 995 quam
1893 945 1985 982 Dion.
1999 945 2089 991 2033>

42 994 67 1035 ὲ
86 995 247 1037 Caesare
269 1006 492 1045 acceperat
515 1025 527 1043 ‚
567 993 746 1033 refertus
768 992 944 1044 pecunia
968 992 1154 1033 Romam
1177 995 1360 1033 reversus
1382 1024 1394 1042 ,
1437 1007 1528 1034 eam
1550 1007 1714 1046 partem
1739 998 1878 1050 Quiri-

39 1049 147 1089 nalis
170 1049 329 1089 montis
350 1047 537 1101 delegit,
577 1047 618 1086 in
644 1061 723 1100 qua
746 1046 862 1086 Hortis
879 1046 1149 1098 pretiofiffimis,
1190 1061 1233 1087 ut
1257 1048 1442 1100 loquitur
1466 1049 1648 1098 Cicero,
1691 1051 1757 1090 seu
1784 1052 1877 1104 quis

37 1103 144 1144 alius
167 1103 210 1143 in
235 1101 486 1152 Salustiana,
528 1102 570 1142 &
595 1102 692 1142 loco
714 1101 1039 1151 amoenitatem,
1084 1102 1128 1140 &
1150 1101 1219 1142 fibi
1243 1102 1407 1156 scriptis
1428 1102 1608 1143 historiis
1628 1117 1877 1157 perpetuum

42 1170 195 1197 nomen
221 1157 361 1203 daret5
396 1170 646 1211 quamquam
671 1156 873 1196 scriberet
895 1155 1006 1208 ipse,
1038 1168 1186 1197 contra
1207 1171 1330 1211 quam
1357 1156 1531 1197 fecerat.
1574 1157 1737 1199 Horum
1753 1160 1876 1200 multi

38 1225 230 1253 veterum
260 1212 507 1264 scriptorum
540 1211 786 1251 meminere.
851 1210 1028 1251 Tacitus
1054 1226 1064 1252 ε
1108 1213 1267 1250 Tertium
1285 1224 1435 1265 agmen,
1476 1213 1615 1252 Flavii
1642 1215 1875 1264 exercitus,
1893 1212 2086 1263 Ταε.1ιίἓ,ςο

30 1276 92 1321 per
127 1265 305 1309 Salariam
341 1266 474 1305 Collina
496 1276 603 1320 portae
635 1263 891 1318 propinqzsabat
910 1277 925 1308 ‚-
964 1266 993 1303 ii
1011 1276 1149 1305 tantum
1191 1267 1358 1321 (pergit
1379 1266 1504 1318 paulo
1531 1266 1646 1318 post)
1692 1268 1879 1319 conflic‘lati
1893 1263 2014 1314 Hlj'ffff·

28 1320 115 1371 sime
133 1344 147 1363 ‚
197 1324 258 1374 qui
287 1324 323 1360 in
340 1330 477 1373 partem
488 1318 673 1371 finistram
696 1319 809 1359 Urbis·
831 1317 882 1357 ad
901 1319 1116 1370 Salustianos
1136 1323 1266 1360 Hortos
1283 1331 1341 1372 per
1359 1320 1506 1374 angusta
1528 1343 1542 1362 ‚
1579 1319 1621 1359 49·
1640 1320 1774 1362 lubrica
1796 1326 1877 1362 via-

38 1388 116 1414 rum
140 1374 330 1425 flexerant.
383 1372 620 1426 Superfltmtes
648 1375 812 1412 maceriis
831 1377 1021 1413 Hortorum
1050 1374 1225 1414 Vitelliani
1244 1374 1293 1413 ad
1299 1374 1418 1426 serum
1439 1373 1545 1430 usque
1565 1374 1641 1414 diei
1652 1375 1784 1426 saxis,
1814 1380 1876 1431 pi-

38 1427 148 1483 !quaeae
161 1427 348 1480 swelwes
365 1427 554 1469 arcebant,
588 1427 690 1467 donec
709 1425 755 1465 ab
776 1425 991 1480 Equitibus,
1031 1431 1092 1482 qui
1107 1439 1208 1482 porta
1231 1430 1362 1468 Collina
1385 1433 1607 1483 irruperant,
1643 1432 1875 1471 circumveni-

36 1494 165 1521 rentur.

90 1537 153 1578 Ex
174 1549 258 1590 quo
277 1537 373 1578 loco
398 1534 641 1583 deducitur,
675 1549 760 1575 non
784 1534 912 1576 modo
934 1534 986 1577 ad
1010 1548 1178 1589 portam
1196 1568 1210 1587 ,
1240 1536 1308 1577 sed
1332 1536 1444 1578 intra
1464 1550 1632 1591 portam
1659 1538 1877 1580 Collinam

34 1590 185 1632 hortos
210 1590 340 1632 fuisse.
393 1590 514 1632 Idem
540 1605 549 1632 :
591 1589 834 1643 Regredienti,
874 1592 1064 1639 Nerom,
1100 1601 1162 1645 per
1179 1594 1280 1630 viam
1301 1592 1547 1634 Flaminiam,
1586 1594 1775 1646 compofitas
1796 1595 1878 1646 infi-
1892 1596 2088 1648 Tac.lil›.13q

35 1646 109 1685 dias
128 1669 141 1687 ‚
169 1647 320 1698 fineque
341 1647 488 1684 evitatas
510 1668 524 1686 ,
562 1648 727 1698 quoniam
747 1642 877 1695 diverso
899 1647 1021 1684 itinere
1042 1645 1257 1696 salustianos
1277 1650 1313 1684 in
1334 1649 1462 1686 Hortos
1480 1651 1687 1687 remeaverit
1709 1671 1723 1690 ,
1760 1651 1876 1688 auflo-
1892 1649 2027 1690 alimal-

35 1713 176 1753 remque
194 1701 263 1751 ejus
281 1698 353 1737 doli
375 1699 500 1748 Syllam
520 1701 715 1738 ementitur.
759 1700 852 1739 Nec
875 1699 1027 1738 mirum
1050 1700 1102 1740 eo
1118 1702 1335 1741 Neronem
1346 1700 1597 1748 divertiffef
1616 1702 1750 1743 Erant
1764 1704 1880 1745 enim

38 1753 255 1795 Salustiani
283 1753 411 1794 Horti
441 1752 664 1807 Principis.
718 1755 857 1807 Quare
887 1752 974 1806 post
996 1756 1218 1794 Neronem
1241 1755 1537 1809 Vespasianus,
1580 1755 1680 1797 teste
1705 1758 1876 1808 Dione,

35 1810 113 1849 rard
143 1805 330 1848 habitabat
355 1810 393 1846 in
413 1807 553 1846 Palatio
573 1820 588 1850 ‚·
635 1810 677 1846 In
697 1810 821 1848 Hortis
849 1819 968 1846 autem
992 1808 1206 1860 Salustianis
1220 1809 1412 1862 plurimum
1436 1823 1532 1852 erat,
1570 1824 1674 1862 eoque
1693 1811 1880 1866 recipiebat

39 1874 289 1916 quemcumque
315 1875 380 1900 non
397 1860 515 1913 Jolum
539 1864 713 1902 Senatorii
732 1885 747 1904 ‚
772 1860 838 1912 Jed
866 1861 1095 1916 cujuscunque
1116 1862 1257 1902 ordinis.
1309 1867 1449 1905 Nerva
1471 1863 1585 1904 morbo
1601 1868 1710 1919 periit
1727 1869 1764 1905 in
1783 1871 1878 1906 Hor-

35 1920 84 1956 tis
116 1916 330 1969 Salustianis
352 1939 365 1958 ‚
401 1915 685 1956 referentibus
708 1915 890 1956 Eusebio
910 1943 923 1961 ,
967 1920 1009 1958 ὃ(
1035 1918 1281 1958 Caffiouoro
1302 1918 1343 1958 in
1369 1919 1613 1960 Chronicis.
1662 1920 1880 1974 Displicebat

37 1971 223 2011 Aureliano
235 1993 248 2011 ‚
286 1983 331 2009 ut
350 1971 411 2010 ait
433 1971 642 2023 Vopiscus
657 2001 667 2018 ,
707 1983 786 2008 cam
805 1971 883 2021 effet
901 1974 1016 2018 Roma:
1034 1970 1196 2011 babitare
1214 1974 1252 2011 in
1273 1973 1437 2014 Palatio,
1464 1987 1507 2012 ac
1525 1977 1638 2027 magis
1656 1974 1815 2026 placebat
1840 1979 2092 2034 inffilib.3o.‹le

36 2028 161 2065 Hortis·
186 2023 400 2076 Salustianis
414 2048 426 2065 ‚
462 2025 520 2063 vel
547 2028 585 2063 in
606 2026 770 2063 Domitiae
787 2028 920 2062 vivere.
967 2024 1231 2077 Ivizlliariensem
1254 2027 1401 2082 denique
1419 2030 1589 2080 porticum
1610 2032 1648 2066 in
1667 2032 1790 2069 Hortis
1809 2032 1876 2069 Sa·
1890 2036 1949 2085 leg.
1964 2037 2013 2071 &r
2026 2037 2082 2071 fi·

37 2079 138 2131 lustri
159 2089 323 2119 ornavit,
351 2082 386 2117 in
410 2092 480 2132 qua
497 2077 649 2130 quotidie
669 2077 710 2116 ἐφ
733 2090 834 2131 equos
847 2077 1129 2133 &se—fatigabat
1142 2103 1154 2121 ,
1184 2084 1348 2133 quamvis
1360 2083 1437 2133 effet
1454 2095 1519 2120 non
1538 2081 1628 2121 bonae
1647 2084 1873 2124 valetudinis.
1887 2084 2012 2123 clessam.

39 2133 223 2174 Eosdem
239 2132 468 2172 Alexandri
486 2133 627 2173 Severi
647 2132 759 2172 fuisse
774 2133 991 2187 colligitur
1004 2146 1051 2173 ex
1070 2134 1264 2187 Ulpiano
1283 2151 1290 2176 :
1325 2138 1479 2177 Sivero)
1508 2137 1671 2190 inquit,
1699 2134 2066 2190 salustia-lamfer-

40 2202 100 2228 nos
120 2191 245 2227 Hortos
270 2210 282 2228 ‚
321 2185 475 2239 quisita:
497 2185 647 2240 Augusti
667 2209 681 2228 ,
718 2187 777 2225 vel
785 2186 942 2237 fundum
967 2187 1141 2226 Albanum
1164 2212 1177 2229 ³
1216 2193 1278 2243 qui
1292 2190 1547 2244 principalibus
1566 2190 1680 2242 ufibus
1699 2190 1873 2244 deffervit,
1887 2198 1952 2225 ΨΜ·
1971 2191 2003 2233 ἕ·
2017 2199 2087 2223 ⁶0⁷¹·

36 2243 204 2296 legaverit
224 2244 329 2293 quis,
346 2241 473 2293 furiosi
491 2240 549 2292 est-
590 2241 674 2281 Sub
698 2240 849 2281 eodem
873 2243 985 2281 euim
1000 2241 1138 2282 floruit
1156 2243 1366 2297 Ulpianus
1379 2276 1391 2295 ,
1426 2246 1468 2284 &
1486 2245 1754 2287 Praetorianis
1768 2235 1958 2288 Prae-ssat·

40 2296 173 2337 festus
194 2296 263 2336 est.
318 2295 428 2336 Situs
456 2297 691 2336 Hortorum
724 2294 793 2335 hic
816 2295 870 2338 est
901 2298 1016 2349 supra
1037 2296 1266 2351 descriptus
1291 2298 1311 2338 ιὶ
1346 2299 1493 2349 nohis,
1536 2314 1628 2340 cum
1653 2300 1704 2341 de
1727 2315 1877 2343 monte

41 2350 253 2404 Quirinali
276 2363 508 2402 ageremus.
553 2351 762 2390 Curvatur
775 2350 889 2389 enim
904 2351 1026 2390 collzs
1040 2353 1088 2390 ad
1103 2364 1267 2404 portam
1285 2354 1528 2404 Collinam,
1561 2356 1730 2408 duxque
1743 2357 1878 2407 plani-

41 2407 150 2451 cies,
181 2404 313 2445 altera
337 2403 388 2443 ad
413 2404 574 2445 moenia
588 2403 747 2453 Urbis,
781 2406 824 2445 &
841 2405 1004 2445 Hortos
1018 2405 1322 2448 Ludovifianos
1341 2411 1554 2460 pertinet:
1587 2410 1717 2450 altera
1733 2412 1879 2451 secun-

39 2461 138 2501 dum
158 2459 288 2499 altam
303 2459 506 2500 Semitam
520 2489 533 2506 ,
566 2472 672 2498 nunc
688 2458 805 2499 Piam
832 2458 884 2498 ad
898 2459 1052 2499 AEdem
1076 2461 1116 2501 S.
1134 2462 1345 2509 Susannae,
1380 2466 1421 2505 ὃς
1450 2465 1612 2504 Hortos
1627 2464 1877 2506 Barberinos

40 2512 309 2568 protenditur
323 2544 334 2561 ‚
368 2512 541 2566 utraque
554 2513 658 2553 olim
673 2513 885 2553 celebra-ta
901 2514 1136 2555 Salustianis
1151 2517 1331 2559 Hortis:
1366 2518 1406 2557 in
1423 2518 1565 2558 medio
1579 2519 1697 2558 vallis
1710 2521 1876 2573 angusta

42 2569 252 2622 primum,
291 2567 445 2607 deinde
466 2568 607 2610 latior.
659 2569 708 2608 In
732 2569 898 2619 angusta
922 2569 1060 2609 vifitur
1082 2584 1208 2610 cavea
1237 2572 1352 2613 Circi
1378 2574 1612 2613 Hor-torum
1628 2573 1878 2615 salustiano-

42 2636 134 2662 rum
148 2653 161 2671 ,
192 2622 261 2661 ubi
284 2622 435 2663 acclivi
457 2622 556 2663 hinc
575 2634 701 2674 atque
720 2621 820 2663 hinc
833 2623 923 2663 solo
936 2636 1138 2677 apparent
1154 2625 1368 2682 hodieque
1386 2627 1579 2668 sedilium
1594 2659 1607 2678 ‚
1640 2629 1680 2667 &
1700 2629 1874 2683 Templi

44 2676 229 2718 Veneris
254 2676 501 2717 subobscura
522 2676 721 2729 vestigia3
753 2678 865 2737 quod
880 2680 919 2718 in
934 2680 1023 2730 ipio
1038 2679 1167 2720 Circo
1182 2711 1195 2732 ,
1228 2682 1418 2723 utaliain
1434 2682 1528 2724 aliis
1539 2695 1672 2724 erant.
1713 2685 1782 2727 De
1793 2697 1878 2739 quo

39 2730 148 2774 hauc
162 2730 486 2785 [ascriptionem
499 2731 652 2774 recitat
665 2731 839 2774 Fulvius
856 2746 866 2774 ε
1122 2749 1139 2763 r
1891 2734 2082 2774 Fulvdiba.

1890 2788 1932 2824 Et
1943 2788 2052 2824 MarA

1891 2848 1959 2888 (dP.
1976 2851 2036 2876 22·

943 2898 984 2941 N
1009 2910 1036 2938 n
1673 2902 1738 2947 M.
1775 2905 1880 2948 AV·
