2251 3283
520 109 846 158 LrssER
918 109 1439 175 QUARTUS.
1809 129 1885 179 351

47 213 137 241 rum
163 195 348 239 vortices
370 194 518 235 sereno
537 191 891 234 coelouudavere.
933 191 1081 232 Excita
1100 190 1281 240 vicinia,
1315 192 1644 245 nihilquisquam
1661 193 1775 236 domi
1792 195 1892 236 reti-

49 254 172 294 nuit:
207 250 413 304 quidquid
438 261 528 290 erat
550 248 733 288 clausum
760 245 928 297 publice
945 246 1158 297 exposuit,
1191 260 1262 287 aut
1277 247 1361 287 alio
1376 249 1894 300 exportavitimminentis

46 307 235 349 incendii
261 319 390 345 metu.
439 304 493 344 Et
519 303 609 342 suut
635 301 724 342 fere
749 302 897 342 domus
919 301 1182 351 plebeiorum
1209 301 1402 351 vemstae,
1434 301 1588 351 aridae,
1621 305 1894 344 ruinisobno-

46 363 122 404 xire
142 394 154 412 ,
188 363 230 401 &
256 360 434 401 flammis
457 357 652 411 pabulum
666 355 824 396 daturae
841 356 1446 409 frequentibuslignariorum>
1481 357 1523 396 &
1540 358 1788 399 linariorum
1803 357 1896 398 offi-

50 418 171 458 cinis.
223 417 423 455 Arserunt
449 412 555 454 aedes
577 411 845 466 propinquae,
879 425 956 452 nec
978 410 1171 451 modicce.
1217 414 1356 466 Quare
1378 412 1586 465 patefacta
1612 427 1732 463 area,
1768 415 1897 453 Tem-

48 472 120 519 plo
145 471 330 512 delectus
355 469 407 509 est
432 469 570 513 locus,
607 466 845 508 Bernabitis
871 466 1061 508 Patribus
1085 465 1268 507 honores
1289 468 1330 508 S.
1351 469 1496 507 Caroli
1527 469 1892 519 promoventibus.

50 527 130 567 Sed
154 539 307 576 magno
331 525 447 578 operi
475 536 578 576 opes
599 523 859 563 defecerant.
904 523 1011 564 Cum
1037 533 1275 575 opportuna
1293 523 1498 575 religione
1523 523 1689 574 loannis
1706 522 1894 575 Baptistae
1912 540 2084 577 Card.Le-

49 581 175 622 Lenii
202 580 330 620 Card.
359 579 568 632 provisum
595 579 675 624 est3
709 590 753 618 ut
776 590 927 631 magna
954 577 992 617 vi
1019 577 1202 630 pecunia*
1227 578 1657 630 testamentolegata,
1690 577 1894 631 quodim-
1912 595 1977 627 ,ιι-ης
1992 594 2084 627 Tem-

51 634 284 686 perfeffiirn
309 635 531 680 manebat,
562 633 849 686 perficeretur.
893 633 1027 673 Porro
1050 633 1282 686 Templum
1307 632 1589 687 quadrangula
1614 633 1776 681 forma,
1811 646 1893 672 me·
1909 644 1993 692 plum
2006 645 2111 680 Sca-

47 692 120 731 dio
135 690 259 731 tholo
273 689 467 730 altiffime
483 700 709 740 exurgente
722 687 995 728 constructum
1009 686 1088 742 qua
1106 688 1294 728 retrastis
1308 718 1319 739 ‚
1349 688 1428 741 qua
1446 687 1784 741 prominentibus
1798 701 1894 727 con·
1910 694 2076 745 roltabsol-

49 745 386 786 camerationum
403 744 704 797 partitionibus
722 774 731 791 ‚
767 745 809 783 &
823 744 985 783 albario
1001 743 1145 788 tectis,
1179 742 1483 797 inauratisque‚
1515 744 1627 783 inter
1642 742 1793 783 eximia
1812 743 1899 782 Ro·
1913 756 1971 782 νη.

50 815 127 842 mae
152 813 409 840 numeratur.
456 800 652 839 Alterum
677 798 717 837 in
734 798 797 837 via
815 798 1025 840 Flaminia
1041 798 1269 851 Templum
1285 799 1326 839 S.
1343 800 1504 839 Carolo
1520 799 1670 847 latius,
1701 797 1897 849 amplius·
1914 814 2032 854 (Aliud

40 869 120 909 que
154 855 401 895 inchoatum
438 853 724 907 Transpadani
758 855 986 905 praesertim
1013 885 1024 902 ,
1083 855 1126 893 δε
1166 854 1355 894 Insubres
1389 853 1694 906 perficiendum
1731 864 1894 893 curant.
1915 866 2075 916 Templum

52 913 261 950 Caeterum
277 911 355 950 alia
369 909 453 949 duo
467 909 660 949 incendia
676 909 870 948 decorem
891 908 1002 950 Urbi
1018 909 1256 950 contulere.
1296 910 1492 950 Alterum
1505 922 1638 962 prope
1655 907 1896 948 Pantheon:
1918 918 1952 953 S,
1968 918 2084 954 Caroli,

49 965 196 1020 ibique
213 965 361 1005 Patres
381 964 525 1017 {ignati
543 966 679 1004 Cruce
703 963 984 1004 ministrantes
998 965 1112 1017 aegris
1128 995 1138 1013 ‚
1172 964 1240 1018 qui
1262 965 1489 1017 Templum
1508 966 1547 1005 S.
1568 964 1709 1003 Marite
1728 962 1906 1015 Magda-

48 1021 153 1062 lenae
178 1033 405 1065 auxerant,
443 1021 486 1058 85
511 1031 711 1059 ornarant
729 1046 742 1065 ,
775 1018 828 1059 ufi
854 1019 983 1059 ruinis
998 1019 1248 1066 domorum,
1283 1034 1421 1060 aream
1435 1033 1532 1060 ante
1549 1018 1776 1071 Templum
1793 1018 1903 1057 laxa-

50 1089 147 1115 runt
162 1107 173 1125 ,
197 1075 450 1116 concinnam
465 1075 638 1114 domum
656 1073 677 1114 ὲ
693 1074 867 1126 regione
880 1073 1122 1115 statuerunt.
1166 1075 1363 1116 Alterum
1379 1089 1510 1126 prope
1527 1077 1734 1126 Campum
1751 1072 1903 1118 Florae3

47 1131 117 1171 ubi
142 1131 299 1170 aedibus
315 1129 362 1169 S.
384 1130 633 1182 Hieronymi
665 1129 978 1181 noeturnoigne
994 1129 1129 1170 ferme
1145 1131 1431 1184 consumptis,
1464 1130 1704 1182 cassospito
1719 1129 1903 1169 candore

42 1184 733 1227 -vesritasinstauravitFranciscus
749 1183 1269 1226 CardinalisBarberinus.

113 1241 215 1281 Haec
231 1238 280 1279 ad
298 1240 467 1281 Urbani
491 1241 528 1280 V
544 1239 563 1279 I
580 1239 646 1280 II.
673 1239 977 1281 Pontificatum
992 1239 1215 1280 referenda
1230 1242 1335 1280 sunt.
1377 1240 1456 1282 Ille
1472 1253 1572 1280 vero
1586 1238 1722 1280 adhuc
1738 1237 1895 1291 Purpu-
1922 1252 2037 1288 Urbani

52 1307 164 1335 ratus
189 1295 389 1348 Princeps
410 1296 647 1349 peramplas
663 1326 673 1343 ,
709 1297 749 1335 &
775 1295 908 1334 lautas
925 1294 1077 1341 AEdes,
1110 1295 1160 1335 ad
1177 1296 1395 1337 porticum
1417 1297 1521 1336 olim
1541 1294 1762 1346 Pompeii,
1806 1307 1899 1334 cum
1922 1305 2034 1343 Vns,
2047 1316 2119 1355 ope-

53 1351 214 1391 Carolo
239 1349 369 1391 fratre
395 1382 405 1398 ,
449 1350 519 1390 ubi
543 1351 670 1391 ambo
695 1350 900 1403 degerent
923 1381 934 1395 ‚
980 1351 1219 1393 aedificarat,
1275 1351 1380 1392 Exin
1408 1349 1635 1395 Pontifex,
1677 1361 1828 1402 praeter
1853 1363 1901 1389 ea
1920 1369 1968 1393 m.

50 1419 140 1459 quae
173 1405 506 1446 memoravimus
529 1437 541 1454 ‚
590 1405 620 1445 P
638 1408 675 1446 A
695 1404 727 1445 L
747 1409 785 1446 A
806 1404 878 1444 TI
897 1405 943 1447 U
959 1406 1005 1446 M
1037 1406 1293 1447 Vaticanum
1316 1419 1392 1460 pro
1424 1406 1513 1459 ejus
1543 1404 1756 1457 dignitate
1781 1417 1904 1445 exco-

52 1461 159 1502 luit:
193 1460 325 1500 multa
348 1460 398 1500 ad
422 1459 780 1501 commoditatem
808 1459 1067 1501 Pontificum
1083 1493 1095 1510 ,
1141 1462 1182 1500 δὲ
1204 1462 1457 1503 Aulicorum
1478 1460 1713 1501 utilitatem
1730 1472 1906 1512 compo-

54 1517 150 1557 suit.
206 1515 562 1556 Ambulationem
587 1515 782 1569 Gregorii
806 1515 963 1556 XIII.
990 1530 1156 1557 camera
1182 1516 1405 1558 fatiscente
1427 1517 1540 1558 ῑεέὶο
1567 1514 1774 1555 munivit:
1817 1515 1908 1555 sub-

54 1572 175 1624 lapsae
206 1569 444 1610 identidem
479 1570 686 1622 parietem
725 1570 865 1611 loricae
886 1599 899 1618 ,
942 1572 1091 1625 quibus
1114 1572 1483 1625 cosmographicas
1504 1584 1579 1625 per
1602 1569 1761 1611 tabulas
1780 1569 1908 1611 Italia

57 1627 276 1679 eleganter
301 1625 543 1678 expingitur
560 1656 571 1673 ,
605 1626 820 1676 pristinum
834 1627 1152 1679 pigmentorum
1166 1626 1629 1681 splendoreminduxit.
1673 1626 1908 1679 Templum
1924 1634 2122 1685 Templumin

57 1681 201 1721 nobile
232 1682 266 1720 C
284 1682 324 1720 O
345 1683 380 1721 N
397 1681 420 1720 S
438 1680 478 1720 T
497 1680 531 1719 A
549 1680 643 1721 NT
660 1682 677 1722 Ι
695 1682 732 1721 N
750 1682 768 1722 I
797 1681 1014 1734 Baptismo
1038 1695 1145 1721 nunc
1169 1683 1351 1734 ejusdem
1377 1681 1476 1734 jussu
1500 1684 1794 1733 sumptumque
1818 1694 1907 1735 per·
1925 1687 2103 1736 quoBapti-

55 1735 201 1790 politis
214 1735 440 1784 columnis,
463 1735 810 1790 concinnatisque
826 1750 966 1777 earum
980 1737 1203 1790 capitibus,
1231 1740 1271 1779 &
1286 1738 1469 1779 basibus:
1496 1736 1721 1785 dealbatis,
1742 1751 1909 1790 magna-
1925 1736 2065 1787 zatuselb

57 1805 137 1843 que
160 1804 206 1830 ex
231 1803 350 1843 parte
376 1789 532 1830 vestitis
555 1805 764 1831 marmore
789 1793 1044 1845 parietibus,
1079 1790 1694 1845 laqueatoinauratoquetesto
1708 1793 1908 1835 collucet.
1926 1787 2112 1837 Conslantm.

59 1846 253 1899 Spatium
277 1846 317 1885 in
334 1845 481 1885 medio
495 1846 676 1886 clausum
692 1847 905 1888 circulatis
918 1848 1138 1894 cancellis,
1172 1849 1476 1902 continensque
1491 1847 1676 1888 salutaris
1688 1859 1799 1900 aquae
1815 1846 2113 1888 fon-‘’XOYMWW·

60 1916 147 1943 tem
162 1900 444 1954 pretiosorum
460 1901 647 1954 lapidum
663 1902 1029 1944 incrustationibus
1045 1904 1263 1957 operitur:
1299 1903 1744 1957 laqueareiuauratum
1760 1935 1771 1952 ,
1794 1904 1909 1944 caela-

59 1970 235 2010 tumque
256 1969 413 1996 caetero
426 1957 645 2010 apparatui
663 1959 906 2011 respondet.
952 1958 1107 1999 AEdem
1123 1959 1372 2001 Samstorum
1399 1960 1433 1999 C
1451 1961 1492 2000 O
1508 1959 1533 1999 S
1549 1959 1595 1998 M
1616 1964 1684 2003 ΖΕ,
1721 1958 1764 1997 &
1792 1959 1832 2000 D
1853 1960 1910 1999 A-

56 2013 108 2054 *M
126 2013 144 2052 Ι
162 2016 197 2053 A
215 2014 251 2053 N
268 2012 288 2051 1
314 2010 427 2051 idem
442 2013 638 2064 prceclare
653 2027 897 2054 exornatam
912 2013 1147 2056 illustravit.
1194 2017 1365 2056 Novum
1382 2015 1422 2056 S.
1442 2014 1640 2054 Martinae
1658 2013 1909 2065 Templum,

60 2067 175 2123 quod
205 2066 448 2108 Franciscus
471 2068 599 2107 Car-d.
621 2067 872 2109 Barberinus
895 2067 1097 2119 aedificat,
1133 2070 1333 2114 Urbanus
1360 2070 1502 2110 fronte
1521 2068 1738 2109 Tiburtini
1756 2069 1912 2120 lapidis

65 2134 255 2165 exornat.
301 2123 347 2162 In
365 2122 577 2175 Quirinali
598 2123 797 2175 perennis
819 2137 908 2164 erat
924 2126 1132 2166 memoria
1147 2125 1189 2167 S.
1207 2126 1394 2166 Susanuae
1409 2125 1458 2165 ad
1476 2124 1573 2165 duas
1586 2123 1753 2165 domos.
1800 2125 1910 2165 Nam

63 2193 159 2220 cum
183 2178 256 2217 illa
274 2177 538 2218 Diocletiani
565 2179 738 2218 Caesaris
761 2180 900 2230 neptis
924 2192 1141 2231 paternam
1166 2180 1338 2220 domum
1365 2180 1602 2222 habitaret:
1649 2178 1759 2219 haud
1784 2179 1913 2230 longe

66 2235 192 2287 Caius
208 2230 407 2273 Pontifex
432 2246 479 2272 ex
494 2231 646 2273 eodem
661 2234 833 2274 Caesaris
845 2248 998 2287 genere
1016 2236 1204 2290 Virginis
1218 2236 1547 2288 consanguineus
1559 2236 1735 2276 alteram
1751 2235 1913 2275 incole-

60 2290 150 2331 bat.
193 2288 273 2329 Sed
297 2300 389 2328 cum
406 2288 596 2328 Susanuae
620 2288 767 2329 domus
790 2288 976 2340 ejusdem
990 2305 1214 2345 purpurata
1229 2292 1634 2344 sanguineinaurato
1648 2291 1834 2345 Templo
1849 2303 1912 2330 re-

63 2343 306 2398 splendeat3
338 2355 424 2396 quae
442 2344 476 2383 C
494 2343 560 2396 Α]
577 2343 598 2383 Ι
621 2343 845 2386 Pontifici's
865 2343 1025 2396 fuerat,
1060 2349 1256 2402 nusquam
1284 2346 1527 2400 apparebat.
1574 2346 1795 2387 Parietinae
1821 2358 1913 2385 tan-

65 2414 154 2442 tum
169 2399 331 2439 rimosae
345 2397 593 2452 caducaeque
607 2398 688 2440 fine
703 2399 820 2440 aditu
835 2431 847 2450 ‚
879 2399 961 2441 fine
975 2401 1091 2442 tecto
1108 2402 1216 2443 haud
1230 2404 1374 2456 procul
1390 2402 1605 2443 extabant.
1651 2402 1770 2442 Hanc
1783 2401 1915 2455 igitur

66 2456 246 2497 alteram
269 2453 442 2494 domum
464 2453 699 2496 habitatam
722 2455 826 2496 olim
843 2456 881 2497 S.
900 2456 1102 2499 Pontifici
1120 2458 1329 2498 desertam
1345 2488 1357 2507 ‚
1391 2458 1642 2512 &ignotam
1661 2456 1912 2499 Urbanusin

69 2523 226 2551 novum
251 2509 497 2563 elegansque
511 2510 740 2563 Templum
766 2509 902 2552 nitide
926 2512 1156 2564 formavit,
1189 2526 1233 2554 ut
1248 2512 1360 2553 simul
1378 2511 1669 2554 Ecclesiasticae
1683 2511 1917 2566 antiquita-

65 2566 128 2615 ti,
162 2563 300 2605 Sanffi
325 2563 546 2605 pontificis
570 2565 835 2607 venerationi
861 2568 1113 2611 consuleret.
1168 2570 1228 2610 At
1249 2567 1290 2608 in
1315 2568 1467 2609 eodem
1490 2567 1725 2622 Quirinali,
1762 2566 1914 2608 Palatii

67 2618 289 2662 Pontificii
312 2618 514 2660 hortenfis
535 2620 765 2662 amoenitas
788 2622 961 2664 disclusa
984 2623 1111 2665 viridi
1137 2625 1256 2678 septo
1276 2621 1379 2665 avia
1393 2623 1560 2678 publica
1573 2635 1705 2677 prope
1718 2622 1916 2663 omnibus

68 2678 240 2727 sponte,
271 2686 397 2728 atque
422 2673 562 2716 intute
587 2676 774 2729 patebat.
817 2677 878 2718 Ea
904 2691 1011 2719 nunc
1025 2679 1534 2734 cingiturcircumstrusto
1549 2679 1724 2719 muroin
1740 2678 1917 2718 modum

74 2734 112 2773 A
132 2731 167 2771 R
180 2731 218 2771 C
235 2732 252 2771 Ι
267 2730 292 2770 S
317 2729 403 2783 pari
420 2730 644 2771 securitate
659 2745 706 2772 ac
719 2733 1049 2784 pulchritudine.
1093 2737 1133 2776 A
1152 2735 1190 2775 R
1208 2735 1240 2776 E
1256 2737 1290 2776 Α
1307 2763 1319 2780 ,
1344 2749 1430 2790 quae
1445 2748 1541 2775 ante
1553 2734 1757 2788 palatium
1772 2732 1918 2773 vetusti

72 2784 239 2826 :edificii
262 2786 462 2826 latiffimo
483 2784 763 2827 fundamento
790 2788 1059 2844 subturgebat
1076 2822 1089 2839 ,
1120 2790 1592 2845 magnolapidariorum
1610 2790 1756 2830 sudore
1771 2788 1921 2829 demis-

73 2843 112 2881 sa
129 2872 139 2889 ,
176 2844 218 2882 δέ
235 2841 519 2894 complanata.
564 2841 751 2882 Terreus
763 2857 889 2896 agger
907 2845 928 2884 e
945 2846 1117 2899 regione
1134 2846 1312 2894 Palatii,
1347 2860 1394 2886 ex
1409 2845 1595 2899 ejusdem
1611 2845 1778 2885 vetustae
1793 2845 1919 2884 molis

76 2896 193 2938 ruina
206 2896 247 2937 in
262 2909 454 2951 magnam
470 2896 738 2940 altitudinem
754 2899 1004 2953 exurgebat5
1027 2900 1219 2943 subdueta
1234 2903 1364 2943 humo
1379 2902 1433 2944 est
1448 2913 1698 2956 exaequatus.
1738 2899 1873 2997 APUIL
1887 2902 1922 2960 ἢ

1802 2969 1823 2995 a
1845 2967 1922 2995 atii
