2251 3283
555 85 883 135 [ABER
954 84 1477 150 QUARTUS.
1833 109 1918 159 ‚45

798 267 842 314 C
875 283 909 315 A
941 283 982 315 P.
1053 267 1184 316 XII.

526 399 641 443 Sixti
672 401 723 443 V.
749 400 800 448 ὠ
829 399 1008 444 aliorum
1034 397 1216 462 deinceps
1240 396 1469 457 nidificia.

175 547 249 590 IX
265 546 304 589 T
319 544 405 589 US
430 546 487 588 V.
525 557 678 586 novam
714 546 893 587 omnino
919 546 1086 589 Urbem
1118 545 1342 588 videbatur
1364 546 1511 588 animo
1533 547 1917 601 comprehendisse,
1933 557 2062 597 SixtiVI

77 552 269 685 Setun
302 601 421 641 brevi
453 601 704 655 pontificatu
734 614 852 643 tanta
884 603 939 643 est
972 615 1100 655 opera
1138 603 1327 644 molitus.
1382 602 1663 645 Vastiffimum
1690 605 1729 645 H
1748 606 1798 646 ΡΞ
1819 607 1919 647 ΜΙ-
1934 618 2039 658 opera.

178 661 204 701 S
222 660 253 700 P
269 659 311 700 H
325 657 377 697 ΕΞ.
395 657 436 698 R
453 659 471 698 1
488 658 529 699 U
548 656 597 696 M
621 655 800 697 Bafilicae
815 657 1050 703 Vaticanae,
1075 659 1187 712 quod
1204 659 1273 697 vix
1285 658 1426 698 attolli
1443 656 1553 710 poffe
1567 659 1831 710 credebatur,
1847 662 1919 703 du-

71 714 172 767 plici
197 726 389 761 camera,
420 713 552 752 altera
574 711 697 751 alteri
719 711 900 764 subjecta
924 711 1120 753 festinate>
1134 711 1333 765 perfecit.
1377 713 1537 765 Insigne
1552 714 1762 755 Sacellum
1778 719 1919 768 Augu-

72 770 245 810 stiffimae
272 767 540 808 Eucharistiae
574 767 617 805 in
641 766 814 808 Basilica
836 767 1014 818 Majoris
1038 768 1229 819 Virginis
1254 798 1267 817 ‚
1322 766 1437 819 cujus
1461 766 1734 809 fundamenta
1757 770 1916 821 jecerat

72 822 314 865 Cardinalis
329 854 339 870 ‚
366 821 566 863 Pontifex
579 822 725 862 eadem
741 821 1032 873 magnitudine
1043 822 1239 863 absolvit.
1275 824 1446 864 Novum
1462 824 1503 861 in
1520 823 1688 863 Palatio
1704 826 1918 866 Vaticano
1933 833 2128 869 NovumPaa

72 879 106 920 P
126 880 162 918 A
182 878 218 918 L
234 881 271 917 A
290 879 362 919 TI
382 879 421 918 t]
438 877 486 917 M
501 908 512 925 ,
546 889 593 917 ex
617 890 701 929 quo
714 876 906 926 subjeestae
924 876 1380 930 Urbisjucundiffimus
1395 877 1447 916 est
1460 877 1699 931 prospec‘ius
1714 910 1727 928 ‚
1760 881 1915 921 excita-
1930 883 2035 919 latium
2050 888 2109 920 Πι-

71 934 151 975 vit.
196 932 323 985 Quod
345 932 397 972 ab
417 932 511 972 aliis
526 930 807 972 Pontificibus
820 932 973 972 deinde
989 945 1239 972 exornatum
1254 932 1527 972 hodieiidem
1543 933 1749 975 incolunt.
1795 936 1915 976 Idem
1929 936 2072 972 titanum,

72 988 198 1029 scalas
220 988 326 1028 fecit
347 987 399 1028 ab
422 986 593 1027 AEdibus
608 985 828 1027 Vaticanis
850 987 894 1027 in
919 987 1147 1040 Templum
1167 986 1267 1029 Divi
1282 987 1421 1033 Petri,
1454 988 1603 1041 quibus
1627 989 1734 1029 clam
1761 992 1919 1044 populo

69 1042 376 1084 descenderent
418 1040 661 1081 Pontifices.
725 1041 903 1081 Easdem
935 1042 1058 1083 AEdes
1093 1041 1364 1082 Bibliotheca
1401 1043 1612 1083 Vaticana
1652 1044 1914 1087 nobilitavit.

72 1099 300 1149 Templum
319 1096 458 1137 Sanffi
476 1096 732 1148 Hieronymi
748 1096 1016 1148 Illyricorum
1033 1128 1046 1146 ‚
1077 1110 1202 1150 quem
1218 1097 1389 1137 titulum
1404 1110 1628 1148 optaverat
1646 1098 1886 1141 Cardinalis
1900 1132 1913 1150 ,

69 1167 180 1194 nova
214 1152 441 1193 molitione
467 1151 616 1194 erexit.
678 1151 1015 1192 Xenodochium
1041 1152 1305 1193 Sanctissimae
1330 1151 1562 1192 Trinitatis
1585 1154 1691 1205 apud
1720 1154 1916 1197 Tiberim
1933 1161 2087 1198 Xenodo-

67 1207 232 1249 alendis
253 1206 552 1259 vestiendisque
572 1206 824 1260 pauperibus
843 1206 1039 1247 condidit
1053 1238 1066 1256 ,
1098 1208 1303 1260 censuque
1317 1205 1483 1247 abunde
1498 1206 1676 1247 dotavit.
1721 1210 1915 1261 Quatuor
1929 1211 2119 1262 chiumpau-

69 1265 112 1304 O
130 1263 160 1302 B
177 1263 209 1303 E
228 1262 263 1303 L
278 1264 297 1303 Ι
311 1261 334 1301 S
351 1263 386 1302 C
401 1262 442 1302 O
458 1262 482 1302 S
502 1291 515 1309 ,
555 1261 757 1315 reliquias
779 1261 1081 1302 miraculorum
1107 1263 1264 1303 veteris
1287 1261 1420 1303 Urbis
1436 1293 1447 1310 ,
1498 1261 1720 1303 transtulit.
1765 1266 1912 1307 Unum
1923 1273 2044 1312 perum.

67 1317 111 1357 in
129 1318 342 1359 Vaticano
363 1315 538 1356 stantem
559 1316 601 1356 in
625 1315 768 1357 media
791 1329 887 1357 area
899 1329 996 1356 ante
1012 1318 1067 1359 D.
1087 1317 1258 1357 Petrum
1271 1316 1518 1358 collocavit.
1560 1316 1736 1364 Trium,
1770 1319 1914 1373 quija-
1932 1326 2069 1378 Obelisci

67 1372 220 1412 cebant
235 1403 248 1421 ‚
279 1371 500 1411 minimum
523 1370 696 1425 quidem
721 1370 744 1411 ὲ
766 1383 888 1423 tergo
903 1371 1084 1413 Bafilicae
1097 1371 1351 1425 Esquilinae:
1383 1372 1565 1412 alterum
1589 1371 1716 1425 longe
1731 1374 1915 1426 majusin
1930 1378 2110 1430 cretsizqua-

65 1427 247 1466 introitu
270 1426 408 1467 Portae
425 1426 670 1468 Flaminiae2
704 1426 947 1467 altiffimum
971 1439 1072 1467 vero
1095 1426 1285 1467 omnium
1299 1439 1398 1466 ante
1414 1426 1632 1467 Basilicam
1650 1427 1914 1470 Lateranen-
1929 1442 2008 1467 mor.

64 1484 150 1521 sem
174 1482 333 1522 erexit:
371 1481 528 1529 Cruci,
560 1495 688 1533 quam
716 1481 913 1521 omnibus
935 1481 1219 1535 superposuit,
1253 1480 1484 1522 dedicavit.
1531 1481 1599 1524 Ad
1623 1483 1816 1524 eamdem
1835 1484 1910 1526 Ba·
1930 1496 2088 1532 Palm-sm

65 1537 220 1577 silicam
248 1536 277 1577 P
296 1538 334 1577 A
350 1534 391 1576 T
408 1535 448 1575 R
463 1536 483 1576 I
501 1537 538 1575 A
555 1535 597 1576 R
612 1537 646 1576 C
664 1537 705 1577 H
718 1536 739 1576 I
756 1537 797 1579 U
813 1536 862 1576 M
884 1549 1003 1578 vetus
1020 1536 1279 1577 Pontificum
1298 1536 1591 1576 Romanorum
1614 1538 1770 1589 partim
1794 1552 1913 1580 vetu-
1928 1547 2126 1600 Laterancnse'

65 1591 165 1632 state
179 1591 407 1644 collapsum
423 1621 435 1638 ,
468 1591 621 1639 partim
635 1591 841 1631 incultum
855 1604 900 1630 ac
912 1590 1200 1632 deformatum
1216 1622 1226 1640 ,
1259 1604 1398 1631 totum
1414 1590 1435 1630 a
1452 1589 1740 1633 fundamentis
1754 1594 1912 1645 magni·
1924 1596 2081 1647 resera-mg.

65 1644 328 1686 ficentiffime
353 1644 559 1685 refectum
582 1676 595 1694 ,
637 1645 677 1687 8<
702 1646 951 1697 pisturatum
978 1644 1204 1686 aedificavit
1231 1661 1240 1686 τ
1286 1659 1334 1686 ea
1359 1646 1535 1686 laxitate
1557 1674 1571 1692 ,
1614 1660 1658 1686 ut
1680 1661 1775 1687 cum
1796 1648 1838 1688 in
1863 1662 1915 1689 eo

64 1701 265 1742 Senatum
287 1702 354 1740 seu
380 1698 678 1740 Confistorium
701 1700 905 1746 haberet,
950 1699 1205 1752 Purpuratos
1220 1701 1367 1741 Patres
1390 1714 1538 1741 omnes
1556 1732 1568 1748 ,
1602 1701 1680 1741 suis
1705 1714 1915 1757 quemque

65 1754 269 1796 cubiculis
295 1752 542 1806 dispertitos
575 1755 805 1809 acciperet.
863 1755 894 1796 P
913 1756 955 1796 O
973 1755 1013 1796 R
1030 1755 1149 1797 TIC
1167 1756 1212 1798 U
1230 1756 1276 1795 M
1311 1754 1491 1796 Bafilicae
1513 1755 1564 1795 ad
1589 1756 1916 1799 Benediffiones

66 1808 317 1852 Pontificias
337 1809 514 1861 adjecit.
557 1809 583 1850 S
598 1811 634 1851 C
653 1814 688 1850 A
707 1810 744 1850 L
760 1813 795 1852 A
813 1810 863 1851 M
895 1810 920 1851 S
942 1811 975 1850 A
995 1812 1033 1852 N
1049 1811 1086 1852 C
1103 1812 1142 1851 T
1160 1813 1197 1851 A
1212 1811 1261 1851 M
1276 1841 1288 1860 ‚
1321 1823 1401 1865 qua
1423 1809 1612 1852 Christus
1634 1812 1848 1854 Dominus
1871 1814 1913 1853 in
1929 1823 2110 1861 ScalaSan-

63 1865 264 1920 praetorio
280 1864 409 1905 Pilati
421 1864 557 1905 fertur
569 1863 822 1906 descendisse
837 1897 848 1914 ‚
882 1865 1066 1918 digniori
1081 1865 1205 1912 loco,
1237 1878 1336 1906 ante
1350 1865 1557 1906 Sacellum
1572 1866 1709 1906 Sanffl
1725 1867 1912 1908 Lauren·
1928 1874 1978 1911 Ha
1989 1874 2118 1926 digniori

60 1921 140 1969 tii,
171 1921 239 1961 sen
261 1918 670 1961 San&aSanCiort1111
691 1920 868 1973 positam
895 1920 1014 1961 novis
1037 1921 1153 1961 scalis
1169 1951 1180 1970 ,
1213 1921 1258 1961 &
1284 1920 1474 1961 clatratis
1499 1921 1737 1973 porticibus
1760 1923 1910 1966 cinxit.
1926 1917 2107 1979 locop'ofita,

61 1975 225 2017 Sacella
250 1974 334 2015 duo
357 1973 551 2015 addidit:
586 1975 764 2016 Sacrarii
784 1975 1058 2024 past-uum,
1093 1978 1134 2017 &
1164 1976 1271 2016 alios
1295 1975 1714 2018 ministrosinstituit.
1761 1977 1913 2019 Ponti-

61 2030 203 2070 ficium
219 2028 417 2081 Gregorii
443 2028 596 2072 XIII.
641 2030 852 2071 Palatium
873 2031 917 2069 in
935 2030 1148 2083 Quirinali
1171 2030 1468 2071 circumduciis
1491 2030 1753 2083 porticibus,
1787 2032 1829 2072 δέ
1846 2033 1912 2073 in-

61 2084 224 2126 teriore
238 2085 356 2125 Sixto
370 2084 676 2137 amplificatum
689 2085 852 2138 ingenti
869 2084 979 2124 atrio
994 2086 1164 2126 laxavit.
1211 2085 1444 2126 Columnas
1465 2087 1504 2127 Ἰ
1521 2086 1563 2127 R
1578 2086 1648 2138 A]
1665 2087 1703 2127 A
1723 2090 1760 2128 N
1779 2089 1817 2128 A
1834 2088 1884 2128 M
1897 2119 1912 2139 ,

66 2141 111 2179 &
142 2142 179 2181 A
195 2141 234 2181 N
251 2140 347 2180 TO
364 2139 434 2181 NI
450 2142 491 2182 N
508 2142 546 2182 A
563 2141 612 2180 M
637 2140 854 2181 resarciri:
892 2139 932 2179 in
958 2154 1005 2180 ea
1020 2140 1156 2180 Sancsti
1172 2140 1286 2180 Petri
1310 2140 1547 2181 inauratum
1572 2154 1620 2180 ex
1644 2154 1721 2182 aere
1746 2141 1912 2183 simula·

65 2208 209 2235 crum:
242 2194 284 2234 in
308 2193 412 2244 hac,
445 2195 486 2236 S.
505 2195 622 2236 Pauli
649 2194 988 2246 collocarijuffit.
1034 2196 1177 2235 AEdem
1197 2195 1681 2236 §.Sabinaeinstauravit.
1725 2197 1912 2251 Aliquot

63 2251 154 2290 vias
180 2248 373 2300 aperuit,
414 2250 459 2288 δέ
483 2250 652 2290 direxit.
710 2252 751 2291 A
781 2250 969 2302 Templo
994 2249 1071 2289 SS.
1090 2251 1316 2290 Trinitatis
1336 2250 1377 2289 in
1404 2264 1550 2291 monte
1574 2250 1752 2292 Pincio:
1786 2265 1909 2305 quam

60 2307 184 2358 usque
218 2311 386 2356 portam
413 2304 671 2345 Flaminiam
695 2304 1012 2350 destinaveram
1061 2305 1239 2345 alteram
1266 2318 1339 2359 per
1361 2305 1622 2358 Esquilinum
1652 2336 1664 2354 ‚
1720 2306 1914 2348 Vimina-

62 2360 173 2404 lem³
218 2361 257 2398 ὅ(
288 2358 557 2412 Quirinalem
581 2359 634 2399 ad
658 2358 866 2400 Palatium
891 2359 930 2400 S.
952 2359 1115 2401 Marci:
1160 2361 1339 2400 alteram
1362 2360 1413 2400 ad
1427 2373 1593 2413 portam
1611 2361 1650 2401 S.
1672 2360 1909 2402 Laurentii.

65 2415 135 2456 Ab
161 2413 309 2454 eadem
331 2412 382 2454 ad
410 2413 621 2456 Thermas
644 2414 956 2456 DiocletianaS.
1015 2416 1055 2453 A
1080 2414 1352 2455 Lateranenfi
1374 2416 1546 2456 Basilica
1572 2416 1623 2456 acl
1641 2416 1908 2457 Colossaeum.

65 2468 199 2510 Porro
223 2469 335 2509 inter
359 2467 448 2509 vias
470 2469 727 2523 propinquas
751 2468 988 2510 Liberianae
1015 2469 1198 2510 Bafilicae
1222 2470 1370 2521 ingens
1396 2470 1554 2516 vineae,
1597 2483 1722 2523 atque
1747 2472 1910 2513 Horto-

63 2537 155 2565 rum
177 2523 496 2563 Petettinorum
521 2523 701 2564 ambitus
722 2524 989 2564 concluditur
1011 2555 1026 2574 ,
1064 2538 1168 2578 quos
1188 2525 1326 2566 adhuc
1350 2524 1590 2566 Cardinalis
1608 2525 1911 2575 inchoaverat,

64 2578 251 2630 eleganti
276 2579 475 2630 praetorio
496 2578 602 2618 inibi
627 2578 842 2625 εκῑτυᾶὶο,
877 2578 944 2619 ubi
973 2581 1119 2632 procul
1144 2579 1350 2633 astrepitu
1362 2579 1587 2621 habitaret.
1635 2582 1671 2621 A
1690 2581 1787 2636 QU
1805 2583 1844 2623 A
1860 2582 1907 2622 M
1923 2582 2120 2632 <Aa-qualit-

65 2635 101 2676 F
115 2633 198 2674 OE
213 2632 249 2673 L
264 2635 283 2674 I
302 2633 335 2673 C
352 2632 386 2673 E
401 2633 449 2672 M
475 2633 517 2673 in
539 2633 810 2675 altitudinem
834 2634 1125 2675 Romanorum
1152 2635 1341 2675 Collium
1354 2635 1406 2676 ad
1424 2634 1591 2676 Urbem
1606 2636 1826 2689 perduxit:
1863 2636 1905 2677 in
1920 2633 2122 2669 lixmurbem

64 2689 192 2730 Colle
214 2685 401 2740 primum
418 2688 655 2741 Quirinali,
688 2701 777 2730 tum
807 2701 899 2730 tota
915 2689 1037 2733 Urbe
1063 2689 1268 2744 publicis,
1300 2689 1556 2744 privatisque
1569 2689 1760 2732 {ontibus
1774 2705 1908 2732 emer·
1920 2684 2052 2723 ‘'mma“-

61 2755 251 2796 gentem.
286 2744 393 2793 Tres
406 2742 734 2795 lapideoslacus‚
758 2745 800 2784 in
814 2757 917 2797 quos
929 2757 975 2784 ex
989 2757 1164 2785 arcuato
1178 2745 1300 2785 ἀυξὶυ
1317 2745 1449 2786 tribus
1461 2746 1574 2786 ostiis
1587 2745 1768 2799 primum
1785 2745 1911 2787 effun-

60 2799 174 2838 ditur
190 2829 200 2846 ‚
227 2810 375 2850 praeter
387 2798 598 2851 egregiam
612 2798 850 2840 structuram
866 2830 878 2849 ‚
899 2801 1118 2840 columnas
1134 2801 1177 2840 85
1192 2801 1273 2841 alia
1286 2814 1544 2841 marmorum
1559 2814 1825 2848 ornamenta,
1849 2801 1912 2842 in-

58 2866 161 2907 gens
184 2853 234 2894 M
249 2854 290 2895 O
305 2853 329 2895 S
345 2854 365 2896 1
381 2853 405 2894 S
429 2852 693 2896 simulacrum
715 2853 930 2897 offerentis
950 2868 1097 2951 acxlgam
1111 2885 1125 2906 ,
1161 2858 1202 2899 δε
1220 2855 1499 2898 Hebraeorum
1523 2869 1746 2898 occurrens
1766 2857 1911 2952 mulctii—

978 2936 995 2953 A
1040 2923 1066 2950 x
1806 2924 1849 2953 tu
1883 2923 1910 2950 o
