2251 3283
153 485 309 525 May-rial.

150 538 207 575 lib.
227 546 246 577 8
255 567 264 576 .

152 591 247 642 Efig.
265 596 327 638 65.

163 1797 246 1841 dn.
254 1812 267 1837 1
275 1812 298 1847 4
304 1807 325 1839 6
338 1813 365 1849 5.

164 1853 291 1892 ‘Arcus

164 1901 272 1953 Drusi.

164 1965 199 2000 In
211 1965 340 2001 Claudio

165 2015 241 2067 Caefi
255 2026 322 2067 cap.
332 2030 345 2054 1
355 2046 363 2054 .

165 2186 282 2224 Eodem
292 2200 345 2222 ca*

164 2248 242 2290 flis-

360 126 454 179 244
870 113 994 163 DE
1063 112 1342 162 URBE
1411 113 1721 165 ROMAJ

364 193 607 248 conjeerura
626 209 636 237 τ
684 197 916 250 Argumenw,
943 195 1082 250 inquit
1104 195 1305 245 Fulvius,
1333 193 1474 252 sumpto
1494 211 1541 237 ex
1561 197 1677 237 verbis
1699 194 1880 238 Suetonii,
1915 193 2118 249 quifiribit‘
2135 199 2211 238 Do-

364 253 560 291 mitianum
570 250 751 305 jbmniaffe
761 250 801 304 je
820 251 1027 294 dMinerva
1045 249 1248 302 destitutum
1261 274 1276 293 2
1305 248 1347 289 df
1367 251 1461 291 illam
1482 252 1644 292 excedere
1665 252 1851 293 Sacrario,
1878 261 1916 288 ut
1926 250 2120 302 fimulacra
2141 252 2210 303 ejm

364 310 416 348 rei
436 305 486 345 ibi
508 319 702 347 marmorea
720 317 856 346 extant.
896 306 1031 360 Atqui
1057 306 1264 346 somnium
1280 304 1384 346 illud
1397 307 1523 359 paulo
1535 319 1635 347 ante
1650 304 1892 348 Domitiani
1908 316 2094 345 mortem
2107 319 2211 346 con-

365 361 468 414 tigit
488 376 498 402 :
544 374 621 401 nec
640 362 854 415 quisquam
880 359 1150 414 persuadeat,
1182 359 1304 401 illum
1327 361 1371 401 in
1385 362 1503 403 Arcu
1522 360 1667 414 insigni
1687 359 1908 408 victoriis,
1941 362 1986 402 δε
2009 360 2212 413 trophaeis

368 415 521 476 referri
543 415 615 457 fibi
640 414 811 459 voluisse
833 413 1009 456 infausta
1031 413 1239 469 prodigia.
1284 415 1456 458 Deinde
1480 429 1566 457 non
1578 416 1656 467 est,
1687 428 1759 458 cur
1771 414 1934 466 velint,
1964 414 2210 457 huncillum

370 471 449 513 esse
463 472 621 514 Arcum
634 500 649 522 ‚
682 470 733 512 de
746 483 830 524 quo
842 469 1084 511 Martialis:
1716 478 1718 480 ·

730 550 811 590 Stat
821 545 923 602 sacer
936 568 950 592 ,
978 544 1138 589 edomitis
1148 545 1314 602 gentibus
1334 544 1446 589 Arcus
1466 559 1588 589 ovans.

1341 617 1550 678 λέιγςλῇίᾼ

378 1517 489 1558 Cum
522 1514 596 1557 ille
630 1514 768 1557 multo
798 1526 895 1556 ante
927 1512 969 1554 in
995 1511 1132 1554 reditu
1157 1512 1179 1555 ὲ
1202 1510 1428 1554 Germania
1451 1544 1462 1562 ‚
1508 1511 1553 1552 &
1576 1510 1795 1563 triumpho
1821 1508 2066 1553 Domitiani
2089 1508 2218 1550 fuerit

379 1573 556 1612 erestus.
599 1573 695 1625 Quo
719 1583 915 1624 tempore
938 1568 1123 1610 nondum
1145 1569 1371 1622 quidquam
1396 1567 1676 1609 somniaverat
1692 1565 1991 1617 Domitignu33
2022 1577 2068 1605 ut
2091 1577 2220 1605 nemo

375 1639 452 1680 per
483 1626 691 1666 somnium
724 1625 891 1666 videret
917 1655 928 1674 ,
983 1623 1096 1675 quod
1128 1624 1171 1663 in
1205 1622 1290 1674 ejus
1315 1624 1430 1663 Arcu
1466 1621 1714 1674 triumphali
1751 1633 1961 1672 nunquam
1993 1618 2129 1660 fuerat
2152 1619 2219 1659 in-

377 1681 600 1734 sculptum.
654 1679 722 1720 Est
751 1680 791 1720 in
824 1679 960 1719 nostra
986 1678 1257 1719 Bibliotheca
1282 1677 1469 1729 Collegii
1496 1676 1683 1717 Romani
1711 1675 1859 1715 Codex
1890 1673 2219 1727 manuscriptus,

376 1737 421 1777 in
444 1749 536 1775 eam
560 1748 609 1775 ex
632 1734 904 1775 Bibliotheca
919 1733 1079 1774 Mureti
1103 1731 1342 1776 transsatus,
1380 1729 1862 1783 joannisMarchanovae
1884 1729 1936 1769 ad
1952 1728 2222 1778 Malatestam

381 1790 624 1844 Principem
649 1790 907 1835 Caesareum,
950 1788 992 1828 in
1016 1800 1099 1840 quo
1120 1788 1272 1834 docet,
1315 1790 1353 1828 A
1372 1787 1410 1826 R
1426 1788 1460 1827 C
1477 1787 1520 1830 U
1541 1786 1587 1826 M
1618 1785 1737 1825 illum
1761 1782 1837 1824 esse
1859 1785 1899 1826 D
1915 1784 1955 1824 R
1970 1784 2011 1822 U
2032 1783 2056 1823 S
2071 1782 2091 1823 I
2118 1785 2221 1823 Ger·

381 1845 535 1887 manici
559 1844 740 1897 privigni
766 1843 953 1898 Augusti.
996 1844 1082 1884 Hic
1102 1842 1248 1883 ειυᾶοι·
1264 1874 1276 1891 ,
1309 1841 1511 1881 nonnulla
1533 1841 1584 1881 de
1615 1838 1957 1892 Antiquitatibus
1971 1837 2107 1879 Urbis
2129 1839 2221 1879 rudi

382 1901 487 1955 stylo
511 1900 564 1940 est
585 1900 853 1952 complexus,
885 1897 1105 1952 multoque
1126 1896 1330 1951 copiosius
1356 1896 1675 1949 inscriptiones,
1707 1909 1796 1948 quae
1822 1906 1904 1932 non
1929 1893 2115 1932 modoin
2132 1893 2221 1935 Ur-

381 1957 461 2002 be,
494 1955 562 1995 sed
586 1954 716 1995 eriam
740 1967 858 1994 extra
878 1954 984 1992 sunt.
1038 1953 1163 1993 Suam
1183 1952 1256 1992 ille
1281 1950 1389 1991 tueri
1413 1951 1663 1991 sententiam
1684 1947 1818 2003 potest
1834 1980 1843 1995 ‚
1875 1947 1987 2000 quod
2012 1949 2191 1989 Drusum
2207 1979 2220 1997 ,

381 2010 481 2052 teste
495 2010 701 2050 Suetonio
716 2040 726 2056 ,
758 2010 800 2048 in
813 2007 1041 2048 Germania
1061 2007 1219 2047 bellum
1233 2018 1451 2058 gerentem
1468 2036 1478 2054 ,
1511 2006 1664 2058 species
1675 2004 1857 2044 barbarae
1871 2002 2060 2042 mulieris
2073 2002 2220 2043 huma-

382 2080 433 2107 na
457 2063 641 2112 amplior
663 2063 871 2104 vielorem
893 2060 1068 2102 tendere
1090 2062 1199 2101 ultra
1222 2062 1414 2100 sermone
1442 2060 1602 2100 Latino
1623 2057 1857 2111 prohibuit.
1901 2056 1950 2097 ld
1975 2059 2076 2097 verb
2089 2057 2221 2097 virtu-

377 2121 458 2171 tis,
490 2118 761 2172 vieroriaeque
786 2117 1101 2157 monimentum
1128 2115 1171 2155 in
1189 2116 1325 2160 Arcu,
1358 2115 1444 2166 post
1460 2114 1548 2166 ejus
1570 2127 1754 2153 mortem
1769 2111 1909 2152 ere&o
1925 2143 1936 2159 ,
1968 2112 2219 2164 insculptum

380 2176 436 2217 est
461 2207 473 2224 ,
518 2187 600 2214 non
634 2173 740 2214 illud
773 2171 995 2213 infaustum
1024 2170 1229 2210 somnium
1257 2170 1514 2211 Domitiani.
1571 2169 1698 2221 Quod
1729 2167 1782 2216 fi,
1825 2166 1977 2206 eodem
2010 2166 2218 2206 Suetonio

379 2232 570 2274 aucitore,
614 2228 791 2269 Senatus
814 2227 927 2267 inter
947 2225 1027 2265 alia
1052 2225 1169 2276 plura
1187 2255 1197 2272 ,
1242 2226 1381 2265 Druso
1403 2236 1688 2264 marmoreum
1716 2223 1873 2262 Arcum
1899 2234 1992 2261 cum
2020 2220 2222 2274 trophaeis

382 2283 451 2326 via
469 2283 609 2336 Appia
632 2282 850 2324 decrevit:
886 2279 1066 2334 eumque
1092 2279 1139 2319 Ξ).
1157 2279 1308 2320 Vietor
1332 2291 1522 2318 numerat
1544 2279 1584 2318 in
1613 2276 1807 2328 Regione
1830 2275 1961 2328 prima
1983 2288 2113 2328 portce
2137 2276 2220 2316 Ca-

381 2352 526 2392 penae:
561 2351 609 2376 ex
636 2351 719 2392 quo
742 2336 946 2384 infertur,
979 2334 1088 2374 hunc
1108 2334 1149 2373 in
1174 2334 1240 2373 via
1256 2333 1457 2373 Flaminia
1473 2333 1593 2373 Drusi
1612 2334 1766 2371 Arcum
1783 2343 1865 2369 non
1881 2328 2220 2377 effedicendum3

382 2391 634 2446 respondere
657 2391 819 2445 potest,
850 2391 959 2430 'nunc
981 2387 1056 2428 esse
1085 2390 1238 2428 Arcum
1256 2419 1266 2436 ‚
1298 2401 1423 2441 quem
1449 2387 1649 2427 Claudius
1674 2384 1793 2427 Drusi
1818 2383 1928 2424 filius
1955 2384 2044 2437 post
2068 2384 2218 2437 Cajum

383 2449 624 2501 Imperator
649 2447 778 2498 patris
803 2443 1020 2484 memoriae
1042 2443 1203 2495 posuit,
1247 2455 1329 2481 non
1354 2455 1480 2495 quem
1505 2442 1681 2483 Senatus
1705 2440 1841 2480 statim
1868 2440 1954 2478 vita
1977 2438 2122 2479 funCto
2145 2440 2220 2479 de-

384 2503 536 2543 crevit.
577 2500 701 2541 Iilum
729 2499 925 2540 autemin
941 2498 1199 2538 numismatis
1213 2495 1625 2549 Claudiiexpreffum
1639 2494 1829 2536 videmus
1843 2492 1990 2535 formae
2005 2494 2117 2546 ejus,
2147 2495 2217 2548 qui

384 2554 769 2610 mutilnssuperest‚
802 2551 1140 2607 respondentem.

2040 2930 2223 2974 Structus
