2251 3283
505 74 833 139 meaa
902 90 1389 140 TERTIUS.
1777 93 1865 159 285

553 174 630 227 Tuli
640 175 768 227 jugera
789 184 902 227 pauca
920 177 1116 217 Martialis

552 231 678 268 Hortis
696 227 924 281 Hesperidum
941 228 1094 269 beatiora
1107 253 1122 271 ³

555 285 676 336 Longo
695 281 849 332 {amiculi
861 296 946 334 jugo
962 284 1189 323 recumbunt:

558 339 656 375 Hinc
666 335 801 390 jeptenz
819 334 975 376 dominos
990 336 1110 377 videre
1132 349 1286 381 montes,

556 394 604 429 Et
626 401 737 428 totam
757 390 836 429 licet
853 389 1023 441 aestimare
1042 394 1203 439 Romam.

551 445 626 483 Illic
647 445 850 489 Flaminia,
884 445 1096 498 Salariaeque

556 497 716 549 Gestator
731 508 832 552 patet
860 524 1213 538 ..........

35 557 158 599 Hunc
180 554 307 596 hodie
321 553 460 594 locum
475 552 671 592 Montem
689 552 872 594 Marium
887 566 1126 606 nuncupant
1140 586 1152 604 ,
1185 552 1305 595 valde
1318 555 1506 607 apricum
1521 585 1535 605 ‚
1569 556 1613 597 &
1628 567 1862 596 amoenum.

38 613 107 655 De
120 610 271 650 eodem
289 607 650 648 suburbanoidem
665 606 740 646 lib.
757 619 798 655 7.
819 606 1033 660 Epigram.
1077 620 1143 651 16.

85 665 385 705 Memorantur
409 663 537 702 etiam
565 660 588 701 ὲ
612 660 883 714 scriptoribus
909 662 949 702 H
966 663 1008 702 O
1023 661 1116 703 RT
1134 665 1152 705 Ι
1181 665 1222 704 D
1237 664 1278 704 O
1293 663 1375 703 ΜΙ
1393 662 1548 705 TIAE.
1593 663 1798 716 Vopiscus
1809 662 1859 704 de
1878 672 2052 710 HortiDo.

35 717 270 762 Aureliano
284 749 296 767 ‚
326 716 491 756 Placebat
513 717 545 755 ei
564 718 601 754 in
620 717 745 754 Hortis
767 715 982 767 Salustianis
1000 716 1060 754 vel
1075 719 1113 755 in
1131 720 1295 757 Domitia:
1313 721 1444 757 vivere.
1494 717 1628 770 Julius
1651 719 1859 772 Capitoli·
1877 726 1976 761 mitt-e.

34 787 107 814 nus
126 789 136 814 ε
169 771 348 813 Adriano,
376 771 512 823 inquit
525 801 538 819 ‚
568 769 665 823 apud
680 769 925 820 Bajasmortuo
938 793 952 811 ,
979 769 1154 823 Reliquias
1177 774 1365 811 Antoninus
1383 776 1530 820 &imam
1549 775 1736 826 pervexit,
1749 772 1864 824 Janffe
1877 774 1911 809 In
1924 775 2056 813 Aaou.

32 841 75 867 ac
92 838 287 867 reverenter
299 849 313 868 ³
339 836 447 879 atque
466 827 503 863 in
520 826 643 864 Hortis
661 826 825 862 Domitiae
844 824 1032 862 collocavit.
1073 825 1163 867 Ubi
1185 826 1324 878 postea
1339 827 1379 866 δε
1402 827 1645 868 Antoninus
1663 827 1759 868 Pius
1773 859 1784 876 ‚
1817 828 1860 867 &
1876 827 1953 862 vita.

35 880 300 922 Commodus
333 878 512 920 Conditi
546 880 650 918 sunt.
706 879 865 918 Verum
900 879 1112 919 Adrianus
1144 894 1283 920 nonne
1308 882 1487 932 sepultus
1509 881 1623 921 estin
1646 883 1718 921 suo
1743 883 1864 922 Mau-

24 937 152 978 soleo
177 944 190 977 ,³
232 935 301 976 Sic
332 934 445 974 enim
483 932 596 975 Dion
625 947 636 973 ε
691 931 852 985 Sepultus
881 931 930 984 est
959 935 1000 971 in
1025 935 1104 987 ripa
1127 935 1243 986 fluvii
1266 936 1380 988 juxta
1411 937 1553 975 Pontem
1584 936 1726 975 AElium
1749 949 1761 970 :
1797 936 1865 976 illic
1878 942 1989 978 Invita

33 993 126 1031 enim
183 989 381 1042 epulchrum
414 987 590 1027 conditum
603 999 618 1030 ‚·
651 986 734 1037 jam
762 989 855 1025 enim
884 985 1036 1039 Augusti
1062 1001 1323 1028 monumentum
1349 989 1516 1044 repletum
1539 1002 1612 1030 erat
1632 1013 1645 1031 2
1681 1004 1742 1030 nec
1771 989 1864 1044 quilss
1877 992 2040 1033 adriani,

35 1057 146 1099 quam
176 1043 325 1098 amplius
356 1045 391 1081 in
416 1041 702 1095 eoftpeliebatztr.
754 1042 820 1082 De
846 1042 997 1081 eodem
1021 1043 1241 1094 sepulchro
1265 1044 1533 1097 Spartianus:
1556 1047 1670 1095 fecit,
1698 1045 1985 1099 inquitffnvim

34 1098 208 1139 Adrianus
237 1097 279 1137 <iffi
296 1096 357 1148 sui
381 1097 532 1135 nominis
550 1107 687 1149 pontem
712 1117 726 1135 ,
763 1093 806 1134 «is
826 1094 1049 1148 sepulchrum
1065 1097 1179 1148 juxta
1207 1097 1377 1138 Tiberim.
1428 1098 1556 1151 Quod
1579 1098 1604 1138 fi
1626 1098 1739 1140 idem
1762 1100 1859 1140 scri·
1878 1107 2042 1150 (Adriani.

30 1152 131 1208 pfic:
164 1150 321 1205 sepultus
349 1150 397 1202 est
420 1149 598 1189 Adrianus
624 1151 663 1188 in
685 1148 770 1190 Villa
801 1151 1025 1189 Ciceroniana
1048 1153 1223 1194 Puteolis,
1266 1165 1317 1192 ne
1347 1165 1506 1207 pugnet
1538 1166 1633 1194 cum
1655 1154 1774 1204 aliis,
1816 1152 1859 1194 id
1876 1170 2027 1207 breadem

31 1205 260 1262 significare
283 1205 482 1246 dicendus
507 1204 585 1254 est,
625 1203 857 1257 depositum
881 1203 940 1243 ibi
967 1203 1083 1245 fuisse
1106 1206 1280 1249 cadaver
1303 1207 1510 1257 Adriani,
1541 1208 1677 1247 donec
1697 1209 1749 1249 ab
1773 1209 1861 1249 An-
1876 1224 1955 1260 vita.

35 1252 186 1303 tonino
202 1261 281 1301 Pio
297 1260 480 1301 Romam
494 1258 758 1308 deferretur,
781 1259 825 1298 δε
839 1258 1058 1301 Mausoleo
1072 1260 1349 1309 conderetur,
1374 1261 1485 1315 quod
1498 1262 1627 1303 etiam
1642 1262 1774 1313 idem,
1800 1276 1863 1303 re·
1877 1288 1910 1322 In
1920 1288 2076 1329 ottadin-

36 1316 203 1358 ferente
218 1316 494 1369 CapitolinO,
527 1312 708 1367 perfecit
723 1344 734 1361 ,
765 1312 1028 1366 ornavitque.
1071 1316 1283 1357 Caeterum
1296 1329 1384 1369 quae
1397 1317 1449 1357 de
1462 1317 1669 1370 sepultura
1685 1348 1697 1366 ,
1730 1318 1771 1358 ἃ
1790 1317 1860 1357 hu-

33 1371 225 1412 matione
242 1369 419 1410 Adriani
433 1368 646 1417 dicuntur,
671 1367 739 1407 ubi
754 1368 884 1409 Horti
900 1369 1105 1410 Domitiae
1119 1370 1269 1420 eflenr,
1295 1371 1594 1413 demonstrant.
1629 1372 1737 1426 Quia
1751 1371 1864 1413 enirn

32 1426 142 1466 alter
160 1427 203 1466 in
227 1423 378 1467 Hortis
403 1422 635 1466 Domitiae:
669 1422 778 1462 alter
800 1422 852 1463 ad
876 1420 1072 1464 Tiberim
1091 1424 1134 1464 in
1156 1426 1226 1466 suo
1237 1426 1457 1479 sepulchro
1470 1426 1686 1466 humatum
1700 1425 1862 1473 refert;

31 1479 264 1521 ostenditur
277 1510 288 1528 ,
316 1479 479 1520 Hortos
490 1476 541 1517 ad
557 1477 739 1525 Molem,
765 1477 808 1516 &
821 1476 1083 1531 sepulchrum
1101 1479 1278 1521 Adriani
1293 1480 1437 1528 fuisse3
1457 1480 1612 1522 eximia
1625 1482 1718 1522 sane
1731 1494 1868 1522 amoe-

35 1535 171 1575 nitate
196 1534 398 1587 infignes;
428 1531 540 1585 quod
563 1532 604 1571 in
628 1531 792 1574 deliciis
817 1531 977 1572 fuerint
990 1533 1226 1574 Aureliano
1241 1537 1524 1589 Imperatori,
1557 1537 1601 1577 δε
1622 1547 1720 1576 ante
1744 1535 1866 1576 illum

35 1589 259 1635 Adrian03
290 1586 473 1641 quiideo
501 1585 755 1628 CIRCUM
776 1585 834 1625 ibi
850 1584 985 1627 fertur
999 1588 1237 1639 aedificaffe,
1270 1589 1758 1643 rudemillumquidem,
1791 1603 1867 1630 nec

33 1643 268 1696 lapidibus,
308 1641 375 1681 vel
407 1640 593 1682 artificio
623 1639 997 1688 commendatum,
1038 1655 1083 1684 ut
1107 1644 1236 1685 tradit
1260 1645 1457 1692 Fulvius3
1499 1645 1752 1699 testaturque
1771 1657 1865 1685 cum
1882 1659 2077 1709 fulv-2254!

36 1698 205 1738 Blondo
225 1698 267 1738 in
289 1696 492 1749 proximis
515 1695 650 1736 vineis
673 1696 745 1735 suo
770 1708 857 1735 aevo
873 1695 1038 1749 vestigia
1051 1697 1240 1739 sedilium
1254 1699 1446 1741 extitisse.
1488 1698 1865 1742 Nectamenidem

33 1752 221 1793 Blondus
238 1750 492 1800 audiendus,
523 1750 591 1804 qui
618 1749 726 1791 hunc
747 1750 937 1791 Neronis
960 1750 1131 1793 Circum
1145 1755 1394 1806 pronunciat
1409 1785 1420 1804 ,
1453 1755 1523 1795 hic
1537 1754 1676 1801 enim,
1709 1766 1752 1794 ut
1765 1767 1864 1794 ante
1878 1765 2075 1807 Blond.I.1,

33 1807 136 1855 dixi,
151 1807 201 1847 ad
218 1806 431 1847 Basilicam
444 1804 568 1845 saneti
584 1804 717 1854 Petri,
730 1804 799 1844 ubi
813 1804 942 1845 stabat
955 1805 1191 1857 obeliscus,
1207 1808 1302 1849 ficus
1316 1821 1421 1850 erat.
1449 1811 1517 1852 De
1531 1822 1583 1849 eo
1598 1808 1862 1862 Onuphrius:
1880 1833 1928 1866 De
1942 1833 2031 1866 Circo

35 1863 231 1915 Septimus,
268 1860 406 1914 inquit
420 1891 432 1908 ‚
471 1861 590 1899 Circus
605 1863 711 1899 etiam
733 1870 830 1899 trans
850 1859 1009 1899 Tiberim
1028 1861 1124 1900 haud
1137 1863 1231 1916 longe
1251 1862 1273 1900 a
1298 1865 1462 1904 Vaticano
1481 1874 1579 1905 erat,
1607 1861 1743 1914 scilicet
1762 1875 1865 1902 extra
1883 1884 1932 1918 (9-
1943 1881 2040 1917 Ludi-5

31 1926 171 1969 portam
205 1918 305 1954 Arcis
327 1914 437 1966 fhnffi
459 1914 582 1966 Angeli
595 1917 802 1967 proximam
824 1912 988 1954 Adrianae
1008 1916 1108 1956 Moli
1125 1919 1162 1955 in
1180 1920 1304 1956 Hortis
1323 1921 1487 1958 Domitia
1508 1920 1659 1958 Neronis
1679 1920 1868 1971 Imperato-
1881 1935 2003 1970 Crrcen.

33 1973 86 2010 ris
101 1973 220 2008 amitae
238 1972 391 2009 vicinus.
433 1968 489 2009 Et
514 1970 638 2021 paulo
659 1969 747 2021 post
764 1983 775 2009 :
808 1967 890 2022 Qa
910 1971 1044 2009 ratione
1052 1971 1166 2020 facile
1189 1973 1352 2024 conjicere
1367 1972 1561 2027 poffitmus,
1590 1974 1731 2012 Circum
1747 1986 1825 2011 eum
1846 1972 1950 2034 amp,
1969 1996 2029 2032 ,3=

38 2028 195 2069 Nerone,
237 2024 331 2076 cujus
353 2026 462 2062 Horti
481 2023 532 2062 illi
552 2035 648 2063 erant
666 2035 713 2062 ex
733 2025 897 2062 Domitiae
911 2026 1028 2062 amitae
1046 2024 1266 2068 hareditate,
1294 2026 1494 2066 inchoatum
1507 2041 1517 2061 :
1545 2025 1590 2065 ab
1616 2025 1766 2066 Adriano
1788 2040 1870 2067 vero

35 2091 114 2116 cum
136 2077 361 2129 Mausoleum
381 2077 488 2128 suum
506 2080 666 2116 vicinum
688 2076 738 2116 ad
755 2080 872 2130 ripam
895 2076 1037 2117 Tiberis
1064 2079 1242 2123 conderet,
1281 2093 1344 2119 aut
1363 2082 1544 2134 perfeHum
1559 2105 1572 2123 ,
1609 2092 1672 2119 aut
1695 2080 1868 2131 instaura-

35 2143 122 2171 tum.
176 2132 295 2184 Ego,
326 2131 981 2186 quoniamopinionibusagitur,
1011 2133 1093 2174 fine
1110 2134 1353 2175 testimonio
1367 2134 1773 2187 veterisscriptoris‚
1803 2147 1870 2175 to-

40 2200 129 2227 tum
151 2200 255 2240 opus
281 2187 473 2228 Adriano
485 2186 769 2239 adscripserim
784 2203 797 2232 3
829 2200 922 2227 cum
935 2187 1114 2228 alterum
1128 2189 1299 2230 Circum
1315 2190 1410 2242 Caji
1424 2221 1437 2239 ,
1470 2191 1514 2230 ἃ
1531 2189 1718 2232 Neronis
1733 2190 1869 2230 nomi-

37 2254 91 2281 ne
114 2254 307 2282 notatum
336 2244 453 2283 Nero
475 2239 555 2280 suis
576 2241 618 2281 in
648 2242 796 2281 Hortis
816 2241 1069 2294 perfecerit,
1102 2243 1244 2296 ibique
1267 2244 1510 2298 frequenter
1534 2244 1726 2296 aurigans
1747 2244 1868 2284 ludos

36 2295 235 2340 ediderit.
292 2297 357 2337 De
388 2295 437 2336 iis
470 2295 584 2335 enim
609 2295 761 2336 Hortis
782 2295 1049 2336 adSanerum
1074 2297 1244 2338 Petrum
1267 2299 1454 2352 loquitur
1479 2300 1730 2340 Suetonius:
1771 2301 1871 2338 Mox
1884 2304 1915 2340 In
1929 2305 2077 2341 vitaNe·

38 2350 81 2389 df
102 2349 171 2402 ipse
193 2352 378 2402 aurigare,
415 2361 520 2402 atque
541 2351 648 2388 etiam
661 2351 939 2403 Jpefiarisaepius
960 2351 1070 2390 voluit
1083 2365 1093 2385 :
1127 2352 1296 2405 pofitoque'
1316 2359 1352 2392 m
1372 2357 1495 2393 Hom,-
1514 2356 1603 2393 ime-s
1613 2353 1762 2405 firmem
1775 2375 1790 2393 ,
1826 2352 1867 2391 dy
1881 2358 1960 2391 ronis

28 2402 207 2454 sordidam
237 2403 367 2455 plebem
394 2404 584 2443 rudimento
598 2427 611 2445 ‚
646 2402 881 2455 univerfhrum
903 2404 943 2456 je
967 2406 1072 2444 oculis
1092 2408 1128 2443 in
1148 2409 1246 2444 Circo
1263 2411 1437 2448 Ivlaximo
1458 2407 1612 2460 praebuit.
1661 2407 1862 2448 Tacitus:
1883 2416 1950 2455 cap.
1968 2420 2030 2443 22.

37 2457 270 2511 Claufiunqne
290 2459 376 2498 Valle
398 2459 567 2499 Vaticana
589 2460 743 2510 >spatium
758 2481 771 2500 ,
810 2461 848 2496 in
879 2472 943 2511 quo
972 2472 1075 2512 eqztos
1095 2464 1190 2499 Nero
1214 2474 1339 2516 regeret
1359 2461 1456 2502 haud
1469 2461 1656 2515 promiscuo
1674 2461 1868 2513 speffaculo.
1884 2457 1954 2492 ΒΖ)-
1975 2471 2031 2502 14·

34 2515 135 2552 Mox
154 2512 241 2550 ultro
258 2515 377 2552 vocari
389 2512 548 2566 populus.
592 2512 675 2554 Hic
689 2526 790 2565 ergo
806 2513 860 2552 est
876 2513 1024 2554 Circus
1042 2515 1246 2556 Neronis,
1884 2508 2019 2548 ulmal·

90 2565 279 2606 Dubium
302 2568 382 2615 est,
414 2580 463 2606 an
490 2567 610 2606 Nero
634 2580 785 2618 praeter
810 2568 978 2608 Circum
1004 2569 1061 2608 ibi
1079 2569 1205 2609 etiam
1223 2571 1490 2610 Naumachiam
1502 2569 1717 2619 struxerit,
1748 2583 1868 2623 quam
1885 2581 2029 2616 Severum.

34 2619 205 2673 quidam
237 2620 512 2661 Ecclcfiastici
538 2621 760 2674 scriptores
783 2622 834 2661 ad
862 2622 1121 2674 Templum,
1158 2625 1201 2662 &
1228 2625 1497 2674 Sepulchrum
1523 2626 1562 2666 S.
1593 2626 1706 2666 Petri
1728 2626 1870 2678 posue-
1886 2631 1966 2665 mitio
1978 2630 2032 2666 lib.
2046 2630 2082 2666 <le

36 2687 146 2714 runt.
177 2675 317 2725 Negat
333 2674 505 2716 Cardin.
526 2675 741 2722 Bamuius3
758 2676 869 2730 quod
883 2677 1152 2730 antiquorum
1168 2691 1293 2718 nemo
1307 2679 1348 2719 id
1363 2679 1383 2720 a
1403 2682 1577 2722 Nerone
1591 2678 1747 2720 fastum
1763 2679 1871 2719 affir-
1890 2696 1926 2728 7.
1942 2680 2053 2731 Erras]

33 2740 121 2769 met
137 2759 148 2775 ,
182 2731 225 2770 &
240 2728 538 2770 illemaritima
551 2730 806 2782 spedhrcukr,
841 2731 943 2771 teste
959 2732 1125 2777 Dione,
1158 2733 1396 2774 edideritin
1412 2735 1619 2774 Theon-0.
1666 2739 1801 2788 Qem
1816 2736 1874 2774 ul-
1888 2733 1976 2766 TOW-
1996 2745 2024 2767 1-

35 2796 104 2822 tro
118 2784 280 2835 sequor.
328 2783 411 2836 Qui
425 2796 524 2822 vero
535 2797 607 2824 aut
621 2785 732 2837 vulgi
747 2786 935 2824 sermone
952 2788 1131 2837 permoti
1147 2817 1159 2835 ,
1191 2801 1262 2827 aur.
1277 2789 1356 2828 alia
1374 2788 1423 2828 de
1439 2790 1555 2828 causa
1573 2790 1720 2829 Hortis
1736 2790 1873 2829 Nero·
1891 2786 1991 2835 espm-
2003 2796 2072 2818 ‘2³²³-

36 2837 98 2879 nis
123 2838 433 2881 Naumachiam
456 2839 760 2892 apposuerunt,
793 2840 900 2880 hanc
928 2854 1004 2893 pro
1028 2842 1156 2882 Circo
1170 2855 1370 2896 accepere
1386 2843 1543 2897 vulgari
1562 2844 1847 2897 appellatione
1863 2832 2023 2889 Mal-⁶9·

885 2897 926 2938 N
953 2909 978 2935 n
1015 2908 1032 2949 3
1778 2912 1874 2940 cum

1878 1341 1983 1376 tonini.
