<?xml version="1.0" encoding="UTF-8"?>
<!DOCTYPE html PUBLIC "-//W3C//DTD XHTML 1.0 Transitional//EN"
    "http://www.w3.org/TR/xhtml1/DTD/xhtml1-transitional.dtd">
<html xmlns="http://www.w3.org/1999/xhtml" xml:lang="en" lang="en">
 <head>
  <title>
</title>
<meta http-equiv="Content-Type" content="text/html;charset=utf-8" />
  <meta name='ocr-system' content='tesseract 3.04.00' />
  <meta name='ocr-capabilities' content='ocr_page ocr_carea ocr_par ocr_line ocrx_word'/>
</head>
<body>
  <div class='ocr_page' id='page_1' title='image "./alexandridonatie00dona_0506.png"; bbox 0 0 2251 3283; ppageno 0'>
   <div class='ocr_carea' id='block_1_1' title="bbox 355 153 1698 225">
    <p class='ocr_par' dir='ltr' id='par_1_1' title="bbox 355 153 1698 225">
     <span class='ocr_line' id='line_1_1' title="bbox 355 153 1698 225; baseline 0.001 -22"><span class='ocrx_word' id='word_1_1' title='bbox 355 154 444 225; x_wconf 69' lang='lat'>‘308</span> <span class='ocrx_word' id='word_1_2' title='bbox 848 153 1318 204; x_wconf 76' lang='lat' dir='ltr'>DEURBE</span> <span class='ocrx_word' id='word_1_3' title='bbox 1389 154 1698 205; x_wconf 82' lang='lat' dir='ltr'>ROMA.</span> 
     </span>
    </p>
   </div>
   <div class='ocr_carea' id='block_1_2' title="bbox 146 230 2251 949">
    <p class='ocr_par' dir='ltr' id='par_1_2' title="bbox 146 230 2251 949">
     <span class='ocr_line' id='line_1_2' title="bbox 359 230 2209 292; baseline 0.001 -13"><span class='ocrx_word' id='word_1_4' title='bbox 359 238 585 279; x_wconf 82' lang='lat' dir='ltr'>haberetur</span> <span class='ocrx_word' id='word_1_5' title='bbox 605 230 800 279; x_wconf 86' lang='lat' dir='ltr'>inferior.</span> <span class='ocrx_word' id='word_1_6' title='bbox 847 238 926 279; x_wconf 87' lang='lat' dir='ltr'>Per</span> <span class='ocrx_word' id='word_1_7' title='bbox 947 239 989 279; x_wconf 86' lang='lat' dir='ltr'>id</span> <span class='ocrx_word' id='word_1_8' title='bbox 1006 251 1169 291; x_wconf 84' lang='lat' dir='ltr'>tempus</span> <span class='ocrx_word' id='word_1_9' title='bbox 1183 237 1358 278; x_wconf 84' lang='lat' dir='ltr'>florebat</span> <span class='ocrx_word' id='word_1_10' title='bbox 1374 237 1521 278; x_wconf 76' lang='lat' dir='ltr'>Romae</span> <span class='ocrx_word' id='word_1_11' title='bbox 1533 238 1683 292; x_wconf 86' lang='lat' dir='ltr'>opibus</span> <span class='ocrx_word' id='word_1_12' title='bbox 1698 270 1709 288; x_wconf 90' lang='lat'>‚</span> <span class='ocrx_word' id='word_1_13' title='bbox 1741 236 1998 292; x_wconf 80' lang='lat' dir='ltr'>patritioque</span> <span class='ocrx_word' id='word_1_14' title='bbox 2011 251 2168 291; x_wconf 82' lang='lat' dir='ltr'><strong>genere</strong></span> <span class='ocrx_word' id='word_1_15' title='bbox 2183 271 2209 290; x_wconf 81' lang='grc'>,,</span> 
     </span>
     <span class='ocr_line' id='line_1_3' title="bbox 148 291 2204 350; baseline 0.001 -17"><span class='ocrx_word' id='word_1_16' title='bbox 148 306 441 350; x_wconf 54' lang='lat' dir='ltr'>FfTheodomec</span> <span class='ocrx_word' id='word_1_17' title='bbox 464 294 650 334; x_wconf 83' lang='lat' dir='ltr'>moribus</span> <span class='ocrx_word' id='word_1_18' title='bbox 674 305 815 333; x_wconf 87' lang='lat' dir='ltr'>tamen</span> <span class='ocrx_word' id='word_1_19' title='bbox 839 293 981 345; x_wconf 82' lang='lat' dir='ltr'>probis</span> <span class='ocrx_word' id='word_1_20' title='bbox 1006 292 1238 334; x_wconf 80' lang='lat' dir='ltr'>Theodora</span> <span class='ocrx_word' id='word_1_21' title='bbox 1257 292 1425 332; x_wconf 88' lang='lat' dir='ltr'>illustris</span> <span class='ocrx_word' id='word_1_22' title='bbox 1438 291 1646 340; x_wconf 83' lang='lat' dir='ltr'>foemina3</span> <span class='ocrx_word' id='word_1_23' title='bbox 1679 307 1764 346; x_wconf 73' lang='lat' dir='ltr'>quae</span> <span class='ocrx_word' id='word_1_24' title='bbox 1780 293 2204 345; x_wconf 77' lang='lat' dir='ltr'>turpibusillecebris·</span> 
     </span>
     <span class='ocr_line' id='line_1_4' title="bbox 147 347 2201 412; baseline 0 -23"><span class='ocrx_word' id='word_1_25' title='bbox 147 365 342 412; x_wconf 61' lang='lat' dir='ltr'>meana,</span> <span class='ocrx_word' id='word_1_26' title='bbox 365 347 646 390; x_wconf 83' lang='lat' dir='ltr'>Adelbertum</span> <span class='ocrx_word' id='word_1_27' title='bbox 670 348 863 388; x_wconf 74' lang='lat' dir='ltr'>illexerat</span> <span class='ocrx_word' id='word_1_28' title='bbox 879 380 889 397; x_wconf 91' lang='lat'>,</span> <span class='ocrx_word' id='word_1_29' title='bbox 921 348 962 386; x_wconf 89' lang='lat' dir='ltr'>in</span> <span class='ocrx_word' id='word_1_30' title='bbox 984 347 1329 389; x_wconf 86' lang='lat' dir='ltr'>communionem</span> <span class='ocrx_word' id='word_1_31' title='bbox 1349 347 1730 400; x_wconf 77' lang='lat' dir='ltr'>Arcispoffidendae</span> <span class='ocrx_word' id='word_1_32' title='bbox 1745 360 1942 400; x_wconf 83' lang='lat' dir='ltr'>recepta:</span> <span class='ocrx_word' id='word_1_33' title='bbox 1977 349 2046 388; x_wconf 87' lang='lat' dir='ltr'>ubi</span> <span class='ocrx_word' id='word_1_34' title='bbox 2068 349 2111 387; x_wconf 65' lang='lat'>85</span> <span class='ocrx_word' id='word_1_35' title='bbox 2128 349 2201 389; x_wconf 87' lang='lat' dir='ltr'>de-</span> 
     </span>
     <span class='ocr_line' id='line_1_5' title="bbox 362 401 2200 455; baseline -0.001 -11"><span class='ocrx_word' id='word_1_36' title='bbox 362 403 507 455; x_wconf 85' lang='lat' dir='ltr'>inceps</span> <span class='ocrx_word' id='word_1_37' title='bbox 530 402 722 444; x_wconf 87' lang='lat' dir='ltr'>habitare</span> <span class='ocrx_word' id='word_1_38' title='bbox 744 403 975 443; x_wconf 87' lang='lat' dir='ltr'>consuevit.</span> <span class='ocrx_word' id='word_1_39' title='bbox 1020 404 1161 455; x_wconf 75' lang='lat' dir='ltr'>Quare</span> <span class='ocrx_word' id='word_1_40' title='bbox 1187 402 1301 442; x_wconf 91' lang='lat' dir='ltr'>velut</span> <span class='ocrx_word' id='word_1_41' title='bbox 1327 401 1609 455; x_wconf 88' lang='lat' dir='ltr'>Principatum</span> <span class='ocrx_word' id='word_1_42' title='bbox 1636 402 1771 445; x_wconf 89' lang='lat' dir='ltr'>Urbis</span> <span class='ocrx_word' id='word_1_43' title='bbox 1784 402 1962 455; x_wconf 78' lang='lat' dir='ltr'>adepta,</span> <span class='ocrx_word' id='word_1_44' title='bbox 1994 417 2043 442; x_wconf 85' lang='lat' dir='ltr'>ex</span> <span class='ocrx_word' id='word_1_45' title='bbox 2060 405 2200 452; x_wconf 82' lang='lat' dir='ltr'>Arce,</span> 
     </span>
     <span class='ocr_line' id='line_1_6' title="bbox 363 456 2201 510; baseline 0.001 -13"><span class='ocrx_word' id='word_1_46' title='bbox 363 458 429 498; x_wconf 91' lang='lat' dir='ltr'>cui</span> <span class='ocrx_word' id='word_1_47' title='bbox 455 457 618 498; x_wconf 85' lang='lat' dir='ltr'>nobiles</span> <span class='ocrx_word' id='word_1_48' title='bbox 641 457 770 498; x_wconf 72' lang='lat' dir='ltr'>AEdes</span> <span class='ocrx_word' id='word_1_49' title='bbox 792 458 858 499; x_wconf 90' lang='lat' dir='ltr'>vel</span> <span class='ocrx_word' id='word_1_50' title='bbox 883 456 1111 510; x_wconf 70' lang='lat' dir='ltr'>impositae,</span> <span class='ocrx_word' id='word_1_51' title='bbox 1145 457 1209 497; x_wconf 92' lang='lat' dir='ltr'>vel</span> <span class='ocrx_word' id='word_1_52' title='bbox 1230 456 1423 510; x_wconf 76' lang='lat' dir='ltr'>appositae</span> <span class='ocrx_word' id='word_1_53' title='bbox 1449 457 1530 506; x_wconf 75' lang='lat' dir='ltr'>iam</span> <span class='ocrx_word' id='word_1_54' title='bbox 1555 469 1643 496; x_wconf 88' lang='lat' dir='ltr'>tum</span> <span class='ocrx_word' id='word_1_55' title='bbox 1669 456 1835 498; x_wconf 85' lang='lat' dir='ltr'>fuerant</span> <span class='ocrx_word' id='word_1_56' title='bbox 1858 457 1908 498; x_wconf 90' lang='lat' dir='ltr'>ad</span> <span class='ocrx_word' id='word_1_57' title='bbox 1932 457 2201 510; x_wconf 84' lang='lat' dir='ltr'>excipiendos</span> 
     </span>
     <span class='ocr_line' id='line_1_7' title="bbox 148 509 2202 571; baseline -0.003 -13"><span class='ocrx_word' id='word_1_58' title='bbox 148 520 338 571; x_wconf 72' lang='lat' dir='ltr'>Erejusfilia</span> <span class='ocrx_word' id='word_1_59' title='bbox 366 512 578 554; x_wconf 82' lang='lat' dir='ltr'>Hetruriae</span> <span class='ocrx_word' id='word_1_60' title='bbox 604 513 849 562; x_wconf 81' lang='lat' dir='ltr'>Principes,</span> <span class='ocrx_word' id='word_1_61' title='bbox 892 511 1113 552; x_wconf 88' lang='lat' dir='ltr'>Romanos</span> <span class='ocrx_word' id='word_1_62' title='bbox 1136 511 1266 551; x_wconf 87' lang='lat' dir='ltr'>etiam</span> <span class='ocrx_word' id='word_1_63' title='bbox 1295 511 1525 552; x_wconf 85' lang='lat' dir='ltr'>Pontifices</span> <span class='ocrx_word' id='word_1_64' title='bbox 1548 509 1782 552; x_wconf 81' lang='lat' dir='ltr'>infestabat.</span> <span class='ocrx_word' id='word_1_65' title='bbox 1833 512 2017 565; x_wconf 85' lang='lat' dir='ltr'>Sequuta</span> <span class='ocrx_word' id='word_1_66' title='bbox 2039 512 2091 552; x_wconf 90' lang='lat' dir='ltr'>est</span> <span class='ocrx_word' id='word_1_67' title='bbox 2116 513 2202 563; x_wconf 79' lang='lat' dir='ltr'>ejus</span> 
     </span>
     <span class='ocr_line' id='line_1_8' title="bbox 146 565 2201 619; baseline -0.001 -9"><span class='ocrx_word' id='word_1_68' title='bbox 146 574 318 614; x_wconf 59' lang='lat' dir='ltr'>ildarozia.</span> <span class='ocrx_word' id='word_1_69' title='bbox 361 567 450 609; x_wconf 79' lang='lat' dir='ltr'>filia.</span> <span class='ocrx_word' id='word_1_70' title='bbox 474 568 667 608; x_wconf 79' lang='lat' dir='ltr'>Marozia</span> <span class='ocrx_word' id='word_1_71' title='bbox 691 566 880 606; x_wconf 86' lang='lat' dir='ltr'>melioris</span> <span class='ocrx_word' id='word_1_72' title='bbox 899 567 1006 606; x_wconf 86' lang='lat' dir='ltr'>item</span> <span class='ocrx_word' id='word_1_73' title='bbox 1027 565 1198 613; x_wconf 81' lang='lat' dir='ltr'>formae,</span> <span class='ocrx_word' id='word_1_74' title='bbox 1231 580 1355 619; x_wconf 87' lang='lat' dir='ltr'>quam</span> <span class='ocrx_word' id='word_1_75' title='bbox 1384 567 1524 607; x_wconf 83' lang='lat' dir='ltr'>famae.</span> <span class='ocrx_word' id='word_1_76' title='bbox 1567 566 1670 607; x_wconf 83' lang='lat' dir='ltr'>Haec</span> <span class='ocrx_word' id='word_1_77' title='bbox 1697 568 1852 607; x_wconf 81' lang='lat' dir='ltr'>Arcem</span> <span class='ocrx_word' id='word_1_78' title='bbox 1877 566 2111 607; x_wconf 82' lang='lat' dir='ltr'>securitatis</span> <span class='ocrx_word' id='word_1_79' title='bbox 2125 569 2201 607; x_wconf 77' lang='lat' dir='ltr'>suae</span> 
     </span>
     <span class='ocr_line' id='line_1_9' title="bbox 366 620 2200 675; baseline -0.001 -13"><span class='ocrx_word' id='word_1_80' title='bbox 366 635 449 662; x_wconf 90' lang='lat' dir='ltr'>non</span> <span class='ocrx_word' id='word_1_81' title='bbox 473 622 606 675; x_wconf 79' lang='lat' dir='ltr'>magis</span> <span class='ocrx_word' id='word_1_82' title='bbox 627 621 963 673; x_wconf 78' lang='lat' dir='ltr'>receptaculum,</span> <span class='ocrx_word' id='word_1_83' title='bbox 995 634 1119 674; x_wconf 84' lang='lat' dir='ltr'>quam</span> <span class='ocrx_word' id='word_1_84' title='bbox 1143 622 1346 661; x_wconf 87' lang='lat' dir='ltr'>scelerum</span> <span class='ocrx_word' id='word_1_85' title='bbox 1368 620 1555 662; x_wconf 82' lang='lat' dir='ltr'>fecerat:</span> <span class='ocrx_word' id='word_1_86' title='bbox 1589 620 1698 660; x_wconf 89' lang='lat' dir='ltr'>unde</span> <span class='ocrx_word' id='word_1_87' title='bbox 1721 624 1764 663; x_wconf 70' lang='grc' dir='ltr'>δε</span> <span class='ocrx_word' id='word_1_88' title='bbox 1792 621 2000 663; x_wconf 77' lang='lat' dir='ltr'>Romanis</span> <span class='ocrx_word' id='word_1_89' title='bbox 2020 621 2200 661; x_wconf 81' lang='lat' dir='ltr'>Civibus</span> 
     </span>
     <span class='ocr_line' id='line_1_10' title="bbox 148 675 2251 729; baseline -0.004 -5"><span class='ocrx_word' id='word_1_90' title='bbox 148 689 264 726; x_wconf 71' lang='lat' dir='ltr'>Baron.</span> <span class='ocrx_word' id='word_1_91' title='bbox 365 691 460 718; x_wconf 86' lang='lat' dir='ltr'>cum</span> <span class='ocrx_word' id='word_1_92' title='bbox 475 677 648 719; x_wconf 87' lang='lat' dir='ltr'>Vidone</span> <span class='ocrx_word' id='word_1_93' title='bbox 664 675 889 717; x_wconf 83' lang='lat' dir='ltr'>Adelberti</span> <span class='ocrx_word' id='word_1_94' title='bbox 913 677 1044 729; x_wconf 84' lang='lat' dir='ltr'>patris</span> <span class='ocrx_word' id='word_1_95' title='bbox 1065 676 1289 716; x_wconf 73' lang='lat' dir='ltr'>successore</span> <span class='ocrx_word' id='word_1_96' title='bbox 1306 708 1316 725; x_wconf 90' lang='lat'>‚</span> <span class='ocrx_word' id='word_1_97' title='bbox 1348 676 1619 728; x_wconf 85' lang='lat' dir='ltr'>cuinupserat</span> <span class='ocrx_word' id='word_1_98' title='bbox 1635 706 1644 723; x_wconf 95' lang='lat'>‚</span> <span class='ocrx_word' id='word_1_99' title='bbox 1678 676 1929 728; x_wconf 79' lang='lat' dir='ltr'>imperabat.</span> <span class='ocrx_word' id='word_1_100' title='bbox 1970 676 2052 717; x_wconf 85' lang='lat' dir='ltr'>Sed</span> <span class='ocrx_word' id='word_1_101' title='bbox 2068 675 2203 717; x_wconf 87' lang='lat' dir='ltr'>Vido-</span> <span class='ocrx_word' id='word_1_102' title='bbox 2250 692 2251 725; x_wconf 50' lang='grc' dir='ltr'><strong>ς</strong></span> 
     </span>
     <span class='ocr_line' id='line_1_11' title="bbox 149 730 2204 790; baseline -0 -17"><span class='ocrx_word' id='word_1_103' title='bbox 149 738 328 790; x_wconf 54' lang='lat' dir='ltr'>,Annosas</span> <span class='ocrx_word' id='word_1_104' title='bbox 369 745 420 772; x_wconf 92' lang='lat' dir='ltr'>ne</span> <span class='ocrx_word' id='word_1_105' title='bbox 435 733 560 784; x_wconf 88' lang='lat' dir='ltr'>paulo</span> <span class='ocrx_word' id='word_1_106' title='bbox 575 730 660 785; x_wconf 87' lang='lat' dir='ltr'>post</span> <span class='ocrx_word' id='word_1_107' title='bbox 673 731 824 783; x_wconf 81' lang='lat' dir='ltr'>absque</span> <span class='ocrx_word' id='word_1_108' title='bbox 837 730 982 771; x_wconf 85' lang='lat' dir='ltr'>liberis</span> <span class='ocrx_word' id='word_1_109' title='bbox 995 731 1082 771; x_wconf 86' lang='lat' dir='ltr'>vita</span> <span class='ocrx_word' id='word_1_110' title='bbox 1098 730 1240 771; x_wconf 66' lang='lat' dir='ltr'>functo</span> <span class='ocrx_word' id='word_1_111' title='bbox 1254 747 1265 776; x_wconf 85' lang='lat'>3</span> <span class='ocrx_word' id='word_1_112' title='bbox 1296 731 1380 783; x_wconf 85' lang='lat' dir='ltr'>ipsa</span> <span class='ocrx_word' id='word_1_113' title='bbox 1394 730 1592 783; x_wconf 80' lang='lat' dir='ltr'>deinceps</span> <span class='ocrx_word' id='word_1_114' title='bbox 1602 743 1694 770; x_wconf 89' lang='lat' dir='ltr'>cum</span> <span class='ocrx_word' id='word_1_115' title='bbox 1709 730 1799 770; x_wconf 89' lang='lat' dir='ltr'>filio</span> <span class='ocrx_word' id='word_1_116' title='bbox 1814 731 2018 772; x_wconf 87' lang='lat' dir='ltr'>Alberico</span> <span class='ocrx_word' id='word_1_117' title='bbox 2030 758 2043 776; x_wconf 88' lang='lat'>,</span> <span class='ocrx_word' id='word_1_118' title='bbox 2075 743 2204 784; x_wconf 86' lang='lat' dir='ltr'>quem</span> 
     </span>
     <span class='ocr_line' id='line_1_12' title="bbox 152 785 2199 839; baseline -0 -11"><span class='ocrx_word' id='word_1_119' title='bbox 152 798 245 839; x_wconf 82' lang='lat'>928.</span> <span class='ocrx_word' id='word_1_120' title='bbox 368 800 418 827; x_wconf 87' lang='lat' dir='ltr'>ex</span> <span class='ocrx_word' id='word_1_121' title='bbox 457 787 642 826; x_wconf 75' lang='lat' dir='ltr'>Alberto</span> <span class='ocrx_word' id='word_1_122' title='bbox 661 817 673 836; x_wconf 89' lang='lat'>‚</span> <span class='ocrx_word' id='word_1_123' title='bbox 717 785 796 825; x_wconf 82' lang='lat' dir='ltr'>sive</span> <span class='ocrx_word' id='word_1_124' title='bbox 829 786 1071 826; x_wconf 86' lang='lat' dir='ltr'>Adelberto</span> <span class='ocrx_word' id='word_1_125' title='bbox 1094 786 1348 826; x_wconf 81' lang='lat' dir='ltr'>Marchione</span> <span class='ocrx_word' id='word_1_126' title='bbox 1370 787 1600 836; x_wconf 77' lang='lat' dir='ltr'>susceperat</span> <span class='ocrx_word' id='word_1_127' title='bbox 1624 815 1635 834; x_wconf 92' lang='lat'>,</span> <span class='ocrx_word' id='word_1_128' title='bbox 1674 785 1715 825; x_wconf 89' lang='lat' dir='ltr'>in</span> <span class='ocrx_word' id='word_1_129' title='bbox 1744 786 1866 829; x_wconf 84' lang='lat' dir='ltr'>Urbe</span> <span class='ocrx_word' id='word_1_130' title='bbox 1887 786 2108 827; x_wconf 83' lang='lat' dir='ltr'>dominata</span> <span class='ocrx_word' id='word_1_131' title='bbox 2127 785 2199 827; x_wconf 89' lang='lat' dir='ltr'>est.</span> 
     </span>
     <span class='ocr_line' id='line_1_13' title="bbox 364 838 2202 895; baseline -0.001 -12"><span class='ocrx_word' id='word_1_132' title='bbox 364 842 562 893; x_wconf 79' lang='lat' dir='ltr'>Degebat</span> <span class='ocrx_word' id='word_1_133' title='bbox 587 840 732 882; x_wconf 83' lang='lat' dir='ltr'>Ticini</span> <span class='ocrx_word' id='word_1_134' title='bbox 758 839 1083 893; x_wconf 84' lang='lat' dir='ltr'>HugoVidonis</span> <span class='ocrx_word' id='word_1_135' title='bbox 1106 839 1260 889; x_wconf 86' lang='lat' dir='ltr'>frater,</span> <span class='ocrx_word' id='word_1_136' title='bbox 1294 855 1341 881; x_wconf 88' lang='lat' dir='ltr'>ex</span> <span class='ocrx_word' id='word_1_137' title='bbox 1366 838 1511 881; x_wconf 86' lang='lat' dir='ltr'>eadem</span> <span class='ocrx_word' id='word_1_138' title='bbox 1524 852 1661 881; x_wconf 85' lang='lat' dir='ltr'>matre</span> <span class='ocrx_word' id='word_1_139' title='bbox 1673 839 1865 892; x_wconf 78' lang='lat' dir='ltr'>genitus,</span> <span class='ocrx_word' id='word_1_140' title='bbox 1897 854 2020 895; x_wconf 87' lang='lat' dir='ltr'>quem</span> <span class='ocrx_word' id='word_1_141' title='bbox 2038 840 2202 893; x_wconf 73' lang='lat' dir='ltr'>Regem</span> 
     </span>
     <span class='ocr_line' id='line_1_14' title="bbox 362 894 2199 949; baseline 0.001 -14"><span class='ocrx_word' id='word_1_142' title='bbox 362 895 498 936; x_wconf 77' lang='lat' dir='ltr'>Italiae</span> <span class='ocrx_word' id='word_1_143' title='bbox 531 895 815 949; x_wconf 81' lang='lat' dir='ltr'>appellabant.</span> <span class='ocrx_word' id='word_1_144' title='bbox 869 895 980 937; x_wconf 87' lang='lat' dir='ltr'>Huic</span> <span class='ocrx_word' id='word_1_145' title='bbox 1015 895 1211 936; x_wconf 86' lang='lat' dir='ltr'>Marozia</span> <span class='ocrx_word' id='word_1_146' title='bbox 1231 897 1318 936; x_wconf 87' lang='lat' dir='ltr'>suas</span> <span class='ocrx_word' id='word_1_147' title='bbox 1347 894 1538 947; x_wconf 79' lang='lat' dir='ltr'>nuptias,</span> <span class='ocrx_word' id='word_1_148' title='bbox 1580 896 1624 937; x_wconf 58' lang='grc' dir='ltr'>δέ</span> <span class='ocrx_word' id='word_1_149' title='bbox 1648 907 1819 935; x_wconf 76' lang='lat' dir='ltr'>vacuam</span> <span class='ocrx_word' id='word_1_150' title='bbox 1846 897 2003 935; x_wconf 85' lang='lat' dir='ltr'>Arcem</span> <span class='ocrx_word' id='word_1_151' title='bbox 2024 895 2199 937; x_wconf 87' lang='lat' dir='ltr'>obtulit.</span> 
     </span>
    </p>
   </div>
   <div class='ocr_carea' id='block_1_3' title="bbox 150 948 2205 1114">
    <p class='ocr_par' dir='ltr' id='par_1_3' title="bbox 150 948 2205 1114">
     <span class='ocr_line' id='line_1_15' title="bbox 150 948 2204 1004; baseline -0.004 -7"><span class='ocrx_word' id='word_1_152' title='bbox 150 962 262 998; x_wconf 78' lang='lat' dir='ltr'>Baron.</span> <span class='ocrx_word' id='word_1_153' title='bbox 366 950 599 992; x_wconf 87' lang='lat' dir='ltr'>Confestim</span> <span class='ocrx_word' id='word_1_154' title='bbox 626 951 752 1002; x_wconf 80' lang='lat' dir='ltr'>Hugo</span> <span class='ocrx_word' id='word_1_155' title='bbox 775 963 857 989; x_wconf 90' lang='lat' dir='ltr'>non</span> <span class='ocrx_word' id='word_1_156' title='bbox 881 963 1033 1004; x_wconf 78' lang='lat' dir='ltr'>magno</span> <span class='ocrx_word' id='word_1_157' title='bbox 1058 950 1264 990; x_wconf 86' lang='lat' dir='ltr'>comitatu</span> <span class='ocrx_word' id='word_1_158' title='bbox 1289 949 1340 990; x_wconf 87' lang='lat' dir='ltr'>ad</span> <span class='ocrx_word' id='word_1_159' title='bbox 1366 949 1531 992; x_wconf 85' lang='lat' dir='ltr'>Urbem</span> <span class='ocrx_word' id='word_1_160' title='bbox 1549 948 1687 993; x_wconf 80' lang='lat' dir='ltr'>venit,</span> <span class='ocrx_word' id='word_1_161' title='bbox 1722 948 1811 989; x_wconf 84' lang='lat' dir='ltr'>fisus</span> <span class='ocrx_word' id='word_1_162' title='bbox 1824 949 2204 990; x_wconf 79' lang='lat' dir='ltr'>Castrimunimen-</span> 
     </span>
     <span class='ocr_line' id='line_1_16' title="bbox 151 1003 2205 1058; baseline -0 -13"><span class='ocrx_word' id='word_1_163' title='bbox 151 1016 261 1053; x_wconf 55' lang='lat' dir='ltr'>,Anno</span> <span class='ocrx_word' id='word_1_164' title='bbox 275 1012 329 1050; x_wconf 69' lang='lat' dir='ltr'>szl.</span> <span class='ocrx_word' id='word_1_165' title='bbox 366 1007 444 1046; x_wconf 87' lang='lat' dir='ltr'>tis:</span> <span class='ocrx_word' id='word_1_166' title='bbox 479 1006 782 1056; x_wconf 81' lang='lat' dir='ltr'>celebratisque</span> <span class='ocrx_word' id='word_1_167' title='bbox 806 1005 847 1043; x_wconf 92' lang='lat' dir='ltr'>in</span> <span class='ocrx_word' id='word_1_168' title='bbox 870 1018 922 1045; x_wconf 91' lang='lat' dir='ltr'>eo</span> <span class='ocrx_word' id='word_1_169' title='bbox 946 1005 1101 1058; x_wconf 87' lang='lat' dir='ltr'>nuptiis</span> <span class='ocrx_word' id='word_1_170' title='bbox 1117 1037 1126 1053; x_wconf 83' lang='lat'>,</span> <span class='ocrx_word' id='word_1_171' title='bbox 1158 1005 1353 1057; x_wconf 85' lang='lat' dir='ltr'>quotidie</span> <span class='ocrx_word' id='word_1_172' title='bbox 1378 1003 1574 1044; x_wconf 83' lang='lat' dir='ltr'>liberales</span> <span class='ocrx_word' id='word_1_173' title='bbox 1595 1004 1726 1058; x_wconf 79' lang='lat' dir='ltr'>epulae</span> <span class='ocrx_word' id='word_1_174' title='bbox 1748 1003 2065 1045; x_wconf 85' lang='lat' dir='ltr'>instruebantur.</span> <span class='ocrx_word' id='word_1_175' title='bbox 2121 1004 2205 1044; x_wconf 69' lang='lat' dir='ltr'>La·-</span> 
     </span>
     <span class='ocr_line' id='line_1_17' title="bbox 156 1053 2205 1114; baseline -0 -13"><span class='ocrx_word' id='word_1_176' title='bbox 156 1077 245 1111; x_wconf 68' lang='lat'>933.</span> <span class='ocrx_word' id='word_1_177' title='bbox 267 1053 276 1064; x_wconf 56' lang='lat'>²</span> <span class='ocrx_word' id='word_1_178' title='bbox 366 1061 481 1100; x_wconf 87' lang='lat' dir='ltr'>vanti</span> <span class='ocrx_word' id='word_1_179' title='bbox 510 1073 657 1100; x_wconf 78' lang='lat' dir='ltr'>manus</span> <span class='ocrx_word' id='word_1_180' title='bbox 682 1060 852 1100; x_wconf 79' lang='lat' dir='ltr'>Viti-ico</span> <span class='ocrx_word' id='word_1_181' title='bbox 874 1074 1024 1114; x_wconf 81' lang='lat' dir='ltr'>aquam</span> <span class='ocrx_word' id='word_1_182' title='bbox 1048 1059 1250 1100; x_wconf 81' lang='lat' dir='ltr'>fundebat</span> <span class='ocrx_word' id='word_1_183' title='bbox 1276 1059 1449 1100; x_wconf 85' lang='lat' dir='ltr'>hortatu</span> <span class='ocrx_word' id='word_1_184' title='bbox 1462 1057 1609 1098; x_wconf 85' lang='lat' dir='ltr'>matris</span> <span class='ocrx_word' id='word_1_185' title='bbox 1634 1058 1872 1100; x_wconf 85' lang='lat' dir='ltr'>Albericus.</span> <span class='ocrx_word' id='word_1_186' title='bbox 1915 1058 2205 1102; x_wconf 82' lang='lat' dir='ltr'>Fundentem-</span> 
     </span>
    </p>
   </div>
   <div class='ocr_carea' id='block_1_4' title="bbox 143 1112 2209 2368">
    <p class='ocr_par' dir='ltr' id='par_1_4' title="bbox 365 1112 2205 1168">
     <span class='ocr_line' id='line_1_18' title="bbox 365 1112 2205 1168; baseline -0.001 -14"><span class='ocrx_word' id='word_1_187' title='bbox 365 1128 445 1168; x_wconf 89' lang='lat' dir='ltr'>que</span> <span class='ocrx_word' id='word_1_188' title='bbox 467 1116 591 1166; x_wconf 84' lang='lat' dir='ltr'>paulo</span> <span class='ocrx_word' id='word_1_189' title='bbox 614 1114 933 1154; x_wconf 81' lang='lat' dir='ltr'>immoderatius</span> <span class='ocrx_word' id='word_1_190' title='bbox 955 1114 1116 1154; x_wconf 56' lang='lat' dir='ltr'>inflicto</span> <span class='ocrx_word' id='word_1_191' title='bbox 1141 1115 1231 1154; x_wconf 80' lang='lat' dir='ltr'>Rex</span> <span class='ocrx_word' id='word_1_192' title='bbox 1257 1115 1467 1165; x_wconf 79' lang='lat' dir='ltr'>colapho,</span> <span class='ocrx_word' id='word_1_193' title='bbox 1508 1112 1615 1153; x_wconf 84' lang='lat' dir='ltr'>haud</span> <span class='ocrx_word' id='word_1_194' title='bbox 1639 1113 1832 1166; x_wconf 83' lang='lat' dir='ltr'>equidem</span> <span class='ocrx_word' id='word_1_195' title='bbox 1856 1112 2102 1162; x_wconf 84' lang='lat' dir='ltr'>moderate,</span> <span class='ocrx_word' id='word_1_196' title='bbox 2133 1113 2205 1154; x_wconf 91' lang='lat' dir='ltr'>ad-</span> 
     </span>
    </p>

    <p class='ocr_par' dir='ltr' id='par_1_5' title="bbox 366 1167 2205 1223">
     <span class='ocr_line' id='line_1_19' title="bbox 366 1167 2205 1223; baseline 0 -14"><span class='ocrx_word' id='word_1_197' title='bbox 366 1170 550 1210; x_wconf 85' lang='lat' dir='ltr'>monuit.</span> <span class='ocrx_word' id='word_1_198' title='bbox 584 1170 665 1209; x_wconf 72' lang='lat' dir='ltr'>Sed</span> <span class='ocrx_word' id='word_1_199' title='bbox 679 1169 829 1217; x_wconf 83' lang='lat' dir='ltr'>altius,</span> <span class='ocrx_word' id='word_1_200' title='bbox 852 1168 1265 1223; x_wconf 76' lang='lat' dir='ltr'>quamillevolnisiet</span> <span class='ocrx_word' id='word_1_201' title='bbox 1282 1200 1293 1217; x_wconf 88' lang='lat'>,</span> <span class='ocrx_word' id='word_1_202' title='bbox 1319 1168 1512 1219; x_wconf 77' lang='lat' dir='ltr'>injuriam</span> <span class='ocrx_word' id='word_1_203' title='bbox 1529 1167 1664 1208; x_wconf 85' lang='lat' dir='ltr'>ebibit</span> <span class='ocrx_word' id='word_1_204' title='bbox 1677 1168 1933 1209; x_wconf 84' lang='lat' dir='ltr'>adolescens.</span> <span class='ocrx_word' id='word_1_205' title='bbox 1967 1167 2205 1209; x_wconf 80' lang='lat' dir='ltr'>Confestim</span> 
     </span>
    </p>

    <p class='ocr_par' dir='ltr' id='par_1_6' title="bbox 367 1223 2204 1276">
     <span class='ocr_line' id='line_1_20' title="bbox 367 1223 2204 1276; baseline -0.001 -12"><span class='ocrx_word' id='word_1_206' title='bbox 367 1224 542 1265; x_wconf 83' lang='lat' dir='ltr'>confilio</span> <span class='ocrx_word' id='word_1_207' title='bbox 564 1225 732 1264; x_wconf 80' lang='lat' dir='ltr'>Civium</span> <span class='ocrx_word' id='word_1_208' title='bbox 759 1225 866 1263; x_wconf 87' lang='lat' dir='ltr'>clam</span> <span class='ocrx_word' id='word_1_209' title='bbox 893 1223 1040 1264; x_wconf 82' lang='lat' dir='ltr'>habito</span> <span class='ocrx_word' id='word_1_210' title='bbox 1062 1224 1222 1264; x_wconf 86' lang='lat' dir='ltr'>externi</span> <span class='ocrx_word' id='word_1_211' title='bbox 1247 1223 1411 1263; x_wconf 86' lang='lat' dir='ltr'>domini</span> <span class='ocrx_word' id='word_1_212' title='bbox 1437 1235 1671 1268; x_wconf 85' lang='lat' dir='ltr'>tumorem,</span> <span class='ocrx_word' id='word_1_213' title='bbox 1707 1226 1751 1265; x_wconf 72' lang='grc' dir='ltr'>δε</span> <span class='ocrx_word' id='word_1_214' title='bbox 1776 1223 2086 1276; x_wconf 78' lang='lat' dir='ltr'>arrogantiam,</span> <span class='ocrx_word' id='word_1_215' title='bbox 2117 1236 2204 1263; x_wconf 88' lang='lat' dir='ltr'>ma-</span> 
     </span>
    </p>

    <p class='ocr_par' dir='ltr' id='par_1_7' title="bbox 368 1277 2203 1332">
     <span class='ocr_line' id='line_1_21' title="bbox 368 1277 2203 1332; baseline 0 -14"><span class='ocrx_word' id='word_1_216' title='bbox 368 1279 445 1320; x_wconf 82' lang='lat' dir='ltr'>tris</span> <span class='ocrx_word' id='word_1_217' title='bbox 479 1278 856 1332; x_wconf 78' lang='lat' dir='ltr'>intemperantiam</span> <span class='ocrx_word' id='word_1_218' title='bbox 890 1277 1078 1332; x_wconf 83' lang='lat' dir='ltr'>questus,</span> <span class='ocrx_word' id='word_1_219' title='bbox 1119 1291 1268 1318; x_wconf 86' lang='lat' dir='ltr'>omnes</span> <span class='ocrx_word' id='word_1_220' title='bbox 1298 1278 1467 1329; x_wconf 87' lang='lat' dir='ltr'>impulit</span> <span class='ocrx_word' id='word_1_221' title='bbox 1485 1308 1495 1326; x_wconf 91' lang='lat'>,</span> <span class='ocrx_word' id='word_1_222' title='bbox 1538 1289 1582 1317; x_wconf 91' lang='lat' dir='ltr'>ut</span> <span class='ocrx_word' id='word_1_223' title='bbox 1609 1278 1651 1317; x_wconf 90' lang='lat' dir='ltr'>in</span> <span class='ocrx_word' id='word_1_224' title='bbox 1674 1290 1895 1332; x_wconf 86' lang='lat' dir='ltr'>utrumque</span> <span class='ocrx_word' id='word_1_225' title='bbox 1917 1277 2203 1330; x_wconf 78' lang='lat' dir='ltr'>conjurarent.</span> 
     </span>
    </p>

    <p class='ocr_par' dir='ltr' id='par_1_8' title="bbox 366 1332 2204 1386">
     <span class='ocr_line' id='line_1_22' title="bbox 366 1332 2204 1386; baseline -0.002 -11"><span class='ocrx_word' id='word_1_226' title='bbox 366 1335 479 1375; x_wconf 90' lang='lat' dir='ltr'>Itum</span> <span class='ocrx_word' id='word_1_227' title='bbox 501 1334 641 1374; x_wconf 86' lang='lat' dir='ltr'>statim</span> <span class='ocrx_word' id='word_1_228' title='bbox 661 1333 711 1373; x_wconf 86' lang='lat' dir='ltr'>ad</span> <span class='ocrx_word' id='word_1_229' title='bbox 735 1346 877 1373; x_wconf 85' lang='lat' dir='ltr'>arma:</span> <span class='ocrx_word' id='word_1_230' title='bbox 913 1346 1046 1386; x_wconf 87' lang='lat' dir='ltr'>eoque</span> <span class='ocrx_word' id='word_1_231' title='bbox 1072 1335 1189 1375; x_wconf 88' lang='lat' dir='ltr'>Duce</span> <span class='ocrx_word' id='word_1_232' title='bbox 1214 1336 1300 1373; x_wconf 84' lang='lat' dir='ltr'>Arx</span> <span class='ocrx_word' id='word_1_233' title='bbox 1323 1332 1500 1372; x_wconf 79' lang='lat' dir='ltr'>obsideri</span> <span class='ocrx_word' id='word_1_234' title='bbox 1526 1333 1838 1385; x_wconf 81' lang='lat' dir='ltr'>oppugnarique</span> <span class='ocrx_word' id='word_1_235' title='bbox 1860 1344 2020 1386; x_wconf 87' lang='lat' dir='ltr'>coepta.</span> <span class='ocrx_word' id='word_1_236' title='bbox 2075 1333 2204 1386; x_wconf 85' lang='lat' dir='ltr'>Hugo</span> 
     </span>
    </p>

    <p class='ocr_par' dir='ltr' id='par_1_9' title="bbox 143 1386 2209 2368">
     <span class='ocr_line' id='line_1_23' title="bbox 365 1386 2204 1441; baseline -0.001 -13"><span class='ocrx_word' id='word_1_237' title='bbox 365 1389 453 1428; x_wconf 89' lang='lat' dir='ltr'>vim</span> <span class='ocrx_word' id='word_1_238' title='bbox 478 1402 669 1429; x_wconf 86' lang='lat' dir='ltr'>metuens</span> <span class='ocrx_word' id='word_1_239' title='bbox 691 1389 729 1427; x_wconf 89' lang='lat' dir='ltr'>se</span> <span class='ocrx_word' id='word_1_240' title='bbox 752 1388 790 1426; x_wconf 91' lang='lat' dir='ltr'>se</span> <span class='ocrx_word' id='word_1_241' title='bbox 806 1400 852 1427; x_wconf 84' lang='lat' dir='ltr'>ex</span> <span class='ocrx_word' id='word_1_242' title='bbox 868 1388 981 1428; x_wconf 83' lang='lat' dir='ltr'>mole</span> <span class='ocrx_word' id='word_1_243' title='bbox 999 1419 1008 1436; x_wconf 87' lang='lat'>,</span> <span class='ocrx_word' id='word_1_244' title='bbox 1041 1401 1120 1440; x_wconf 81' lang='lat' dir='ltr'>qua</span> <span class='ocrx_word' id='word_1_245' title='bbox 1133 1400 1251 1441; x_wconf 89' lang='lat' dir='ltr'>parte</span> <span class='ocrx_word' id='word_1_246' title='bbox 1267 1386 1449 1427; x_wconf 79' lang='lat' dir='ltr'>haerebat</span> <span class='ocrx_word' id='word_1_247' title='bbox 1463 1400 1585 1427; x_wconf 88' lang='lat' dir='ltr'>muro</span> <span class='ocrx_word' id='word_1_248' title='bbox 1600 1388 1826 1436; x_wconf 85' lang='lat' dir='ltr'>Civitatis,</span> <span class='ocrx_word' id='word_1_249' title='bbox 1860 1386 2051 1428; x_wconf 83' lang='lat' dir='ltr'>demisit:</span> <span class='ocrx_word' id='word_1_250' title='bbox 2086 1401 2204 1428; x_wconf 83' lang='lat' dir='ltr'>rece-</span> 
     </span>
     <span class='ocr_line' id='line_1_24' title="bbox 150 1441 2203 1497; baseline -0.003 -9"><span class='ocrx_word' id='word_1_251' title='bbox 150 1448 349 1497; x_wconf 60' lang='lat' dir='ltr'>}Albericns,</span> <span class='ocrx_word' id='word_1_252' title='bbox 366 1444 541 1497; x_wconf 87' lang='lat' dir='ltr'>ptusque</span> <span class='ocrx_word' id='word_1_253' title='bbox 557 1444 578 1484; x_wconf 70' lang='lat' dir='ltr'>a</span> <span class='ocrx_word' id='word_1_254' title='bbox 593 1444 669 1484; x_wconf 89' lang='lat' dir='ltr'>suis</span> <span class='ocrx_word' id='word_1_255' title='bbox 684 1442 726 1482; x_wconf 94' lang='lat' dir='ltr'>in</span> <span class='ocrx_word' id='word_1_256' title='bbox 742 1442 970 1482; x_wconf 75' lang='lat' dir='ltr'>Insubriam</span> <span class='ocrx_word' id='word_1_257' title='bbox 984 1442 1128 1495; x_wconf 90' lang='lat' dir='ltr'>plenus</span> <span class='ocrx_word' id='word_1_258' title='bbox 1141 1444 1348 1482; x_wconf 83' lang='lat' dir='ltr'>minarum</span> <span class='ocrx_word' id='word_1_259' title='bbox 1364 1441 1554 1482; x_wconf 72' lang='lat' dir='ltr'>disceffit.</span> <span class='ocrx_word' id='word_1_260' title='bbox 1583 1442 1807 1483; x_wconf 84' lang='lat' dir='ltr'>Albericus</span> <span class='ocrx_word' id='word_1_261' title='bbox 1819 1441 1963 1482; x_wconf 89' lang='lat' dir='ltr'>dedita</span> <span class='ocrx_word' id='word_1_262' title='bbox 1981 1443 2091 1482; x_wconf 86' lang='lat' dir='ltr'>Arce</span> <span class='ocrx_word' id='word_1_263' title='bbox 2105 1443 2203 1482; x_wconf 85' lang='lat' dir='ltr'>Mo-</span> 
     </span>
     <span class='ocr_line' id='line_1_25' title="bbox 148 1495 2205 1552; baseline -0.001 -13"><span class='ocrx_word' id='word_1_264' title='bbox 148 1513 241 1552; x_wconf 85' lang='lat' dir='ltr'>capta</span> <span class='ocrx_word' id='word_1_265' title='bbox 254 1516 324 1538; x_wconf 76' lang='lat' dir='ltr'>ma-</span> <span class='ocrx_word' id='word_1_266' title='bbox 367 1498 519 1538; x_wconf 86' lang='lat' dir='ltr'>ratiam</span> <span class='ocrx_word' id='word_1_267' title='bbox 544 1496 637 1540; x_wconf 73' lang='lat' dir='ltr'>fero</span> <span class='ocrx_word' id='word_1_268' title='bbox 659 1498 947 1552; x_wconf 88' lang='lat' dir='ltr'>poenitentem</span> <span class='ocrx_word' id='word_1_269' title='bbox 970 1496 1160 1537; x_wconf 82' lang='lat' dir='ltr'>custodiae</span> <span class='ocrx_word' id='word_1_270' title='bbox 1186 1496 1389 1537; x_wconf 81' lang='lat' dir='ltr'>tradidit:</span> <span class='ocrx_word' id='word_1_271' title='bbox 1422 1497 1506 1548; x_wconf 85' lang='lat' dir='ltr'>ipse</span> <span class='ocrx_word' id='word_1_272' title='bbox 1520 1496 1979 1550; x_wconf 86' lang='lat' dir='ltr'>deincepsimperavit.</span> <span class='ocrx_word' id='word_1_273' title='bbox 2032 1495 2205 1538; x_wconf 78' lang='lat' dir='ltr'>Interea</span> 
     </span>
     <span class='ocr_line' id='line_1_26' title="bbox 147 1551 2206 1605; baseline -0.003 -8"><span class='ocrx_word' id='word_1_274' title='bbox 147 1556 352 1597; x_wconf 48' lang='lat' dir='ltr'>&amp;Quinem</span> <span class='ocrx_word' id='word_1_275' title='bbox 367 1551 594 1593; x_wconf 64' lang='lat' dir='ltr'>contrastis</span> <span class='ocrx_word' id='word_1_276' title='bbox 615 1552 844 1604; x_wconf 84' lang='lat' dir='ltr'>majoribus</span> <span class='ocrx_word' id='word_1_277' title='bbox 866 1552 1002 1604; x_wconf 81' lang='lat' dir='ltr'>copiis</span> <span class='ocrx_word' id='word_1_278' title='bbox 1018 1583 1039 1600; x_wconf 25' lang='lat' dir='ltr'>,s</span> <span class='ocrx_word' id='word_1_279' title='bbox 1063 1552 1107 1590; x_wconf 72' lang='lat' dir='ltr'>«Sc</span> <span class='ocrx_word' id='word_1_280' title='bbox 1132 1552 1292 1591; x_wconf 88' lang='lat' dir='ltr'>ulturus</span> <span class='ocrx_word' id='word_1_281' title='bbox 1314 1551 1512 1600; x_wconf 79' lang='lat' dir='ltr'>iniuriam</span> <span class='ocrx_word' id='word_1_282' title='bbox 1530 1552 1657 1603; x_wconf 84' lang='lat' dir='ltr'>Hugo</span> <span class='ocrx_word' id='word_1_283' title='bbox 1672 1552 1922 1600; x_wconf 84' lang='lat' dir='ltr'>revertitur,</span> <span class='ocrx_word' id='word_1_284' title='bbox 1957 1551 2206 1605; x_wconf 86' lang='lat' dir='ltr'>Urbemque</span> 
     </span>
     <span class='ocr_line' id='line_1_27' title="bbox 145 1603 2205 1660; baseline 0.003 -21"><span class='ocrx_word' id='word_1_285' title='bbox 145 1603 283 1655; x_wconf 62' lang='lat' dir='ltr'>poffbdit.</span> <span class='ocrx_word' id='word_1_286' title='bbox 369 1607 555 1653; x_wconf 81' lang='lat' dir='ltr'>obsidio,</span> <span class='ocrx_word' id='word_1_287' title='bbox 586 1621 706 1660; x_wconf 69' lang='lat' dir='ltr'>agros</span> <span class='ocrx_word' id='word_1_288' title='bbox 727 1607 1097 1660; x_wconf 85' lang='lat' dir='ltr'>populationibus,</span> <span class='ocrx_word' id='word_1_289' title='bbox 1130 1606 1329 1658; x_wconf 87' lang='lat' dir='ltr'>populum</span> <span class='ocrx_word' id='word_1_290' title='bbox 1345 1605 1638 1658; x_wconf 80' lang='lat' dir='ltr'>fameaffligit.</span> <span class='ocrx_word' id='word_1_291' title='bbox 1683 1604 1791 1655; x_wconf 86' lang='lat' dir='ltr'>Sed,</span> <span class='ocrx_word' id='word_1_292' title='bbox 1823 1617 1868 1645; x_wconf 89' lang='lat' dir='ltr'>ut</span> <span class='ocrx_word' id='word_1_293' title='bbox 1884 1606 2069 1646; x_wconf 86' lang='lat' dir='ltr'>Romani</span> <span class='ocrx_word' id='word_1_294' title='bbox 2087 1606 2205 1648; x_wconf 84' lang='lat' dir='ltr'>Coeli</span> 
     </span>
     <span class='ocr_line' id='line_1_28' title="bbox 150 1659 2208 1715; baseline -0.002 -9"><span class='ocrx_word' id='word_1_295' title='bbox 150 1671 266 1707; x_wconf 78' lang='lat' dir='ltr'>Baron.</span> <span class='ocrx_word' id='word_1_296' title='bbox 369 1662 608 1703; x_wconf 84' lang='lat' dir='ltr'>naturafert</span> <span class='ocrx_word' id='word_1_297' title='bbox 625 1675 699 1715; x_wconf 82' lang='lat' dir='ltr'>per</span> <span class='ocrx_word' id='word_1_298' title='bbox 713 1659 1404 1706; x_wconf 77' lang='lat' dir='ltr'>aestivoscaloresadvenisinfesti,</span> <span class='ocrx_word' id='word_1_299' title='bbox 1436 1673 1481 1699; x_wconf 85' lang='lat' dir='ltr'>ac</span> <span class='ocrx_word' id='word_1_300' title='bbox 1499 1661 1785 1711; x_wconf 74' lang='lat' dir='ltr'>saepenumero</span> <span class='ocrx_word' id='word_1_301' title='bbox 1800 1660 2007 1706; x_wconf 82' lang='lat' dir='ltr'>exitialis,</span> <span class='ocrx_word' id='word_1_302' title='bbox 2039 1661 2208 1712; x_wconf 75' lang='lat' dir='ltr'>vulgata</span> 
     </span>
     <span class='ocr_line' id='line_1_29' title="bbox 148 1714 2209 1771; baseline -0 -15"><span class='ocrx_word' id='word_1_303' title='bbox 148 1720 328 1771; x_wconf 56' lang='lat' dir='ltr'>tAnnostzl.</span> <span class='ocrx_word' id='word_1_304' title='bbox 366 1730 442 1769; x_wconf 86' lang='lat' dir='ltr'>per</span> <span class='ocrx_word' id='word_1_305' title='bbox 464 1716 696 1757; x_wconf 86' lang='lat' dir='ltr'>exercitum</span> <span class='ocrx_word' id='word_1_306' title='bbox 722 1718 788 1757; x_wconf 87' lang='lat' dir='ltr'>lue</span> <span class='ocrx_word' id='word_1_307' title='bbox 813 1716 864 1756; x_wconf 89' lang='lat' dir='ltr'>de</span> <span class='ocrx_word' id='word_1_308' title='bbox 878 1714 1177 1768; x_wconf 89' lang='lat' dir='ltr'>componendo</span> <span class='ocrx_word' id='word_1_309' title='bbox 1189 1715 1305 1754; x_wconf 88' lang='lat' dir='ltr'>bello</span> <span class='ocrx_word' id='word_1_310' title='bbox 1319 1728 1509 1767; x_wconf 87' lang='lat' dir='ltr'>coeptum</span> <span class='ocrx_word' id='word_1_311' title='bbox 1521 1715 1615 1766; x_wconf 76' lang='lat' dir='ltr'>agi:</span> <span class='ocrx_word' id='word_1_312' title='bbox 1651 1715 2209 1755; x_wconf 71' lang='lat' dir='ltr'>&amp;Albericoinmatrimo-</span> 
     </span>
     <span class='ocr_line' id='line_1_30' title="bbox 151 1768 2207 1824; baseline 0.001 -15"><span class='ocrx_word' id='word_1_313' title='bbox 151 1779 246 1821; x_wconf 76' lang='lat'>936.</span> <span class='ocrx_word' id='word_1_314' title='bbox 367 1772 708 1812; x_wconf 86' lang='lat' dir='ltr'>niumcollocata</span> <span class='ocrx_word' id='word_1_315' title='bbox 725 1770 1041 1824; x_wconf 81' lang='lat' dir='ltr'>Hugonissilia,</span> <span class='ocrx_word' id='word_1_316' title='bbox 1074 1770 1202 1816; x_wconf 86' lang='lat' dir='ltr'>inita,</span> <span class='ocrx_word' id='word_1_317' title='bbox 1239 1769 1478 1809; x_wconf 78' lang='lat' dir='ltr'>&amp;stabilita</span> <span class='ocrx_word' id='word_1_318' title='bbox 1493 1768 1656 1809; x_wconf 82' lang='lat' dir='ltr'>Paxest.</span> <span class='ocrx_word' id='word_1_319' title='bbox 1699 1770 2031 1822; x_wconf 80' lang='lat' dir='ltr'>Exeotempore</span> <span class='ocrx_word' id='word_1_320' title='bbox 2047 1773 2207 1811; x_wconf 83' lang='lat' dir='ltr'>Arcem</span> 
     </span>
     <span class='ocr_line' id='line_1_31' title="bbox 154 1823 2205 1879; baseline -0 -13"><span class='ocrx_word' id='word_1_321' title='bbox 154 1839 315 1877; x_wconf 46' lang='lat' dir='ltr'>wirnt&amp;</span> <span class='ocrx_word' id='word_1_322' title='bbox 368 1838 462 1866; x_wconf 90' lang='lat' dir='ltr'>tuto</span> <span class='ocrx_word' id='word_1_323' title='bbox 494 1826 672 1879; x_wconf 80' lang='lat' dir='ltr'>possedit</span> <span class='ocrx_word' id='word_1_324' title='bbox 697 1825 949 1866; x_wconf 84' lang='lat' dir='ltr'>Albericus:</span> <span class='ocrx_word' id='word_1_325' title='bbox 993 1825 1213 1878; x_wconf 82' lang='lat' dir='ltr'>multoque</span> <span class='ocrx_word' id='word_1_326' title='bbox 1237 1824 1324 1877; x_wconf 85' lang='lat' dir='ltr'>post</span> <span class='ocrx_word' id='word_1_327' title='bbox 1345 1825 1434 1864; x_wconf 84' lang='lat' dir='ltr'>vita</span> <span class='ocrx_word' id='word_1_328' title='bbox 1458 1824 1666 1864; x_wconf 85' lang='lat' dir='ltr'>decedens</span> <span class='ocrx_word' id='word_1_329' title='bbox 1685 1824 1737 1865; x_wconf 85' lang='lat' dir='ltr'>ad</span> <span class='ocrx_word' id='word_1_330' title='bbox 1765 1823 2045 1865; x_wconf 64' lang='lat' dir='ltr'>O&amp;avianum</span> <span class='ocrx_word' id='word_1_331' title='bbox 2070 1823 2205 1865; x_wconf 81' lang='lat' dir='ltr'>filium</span> 
     </span>
     <span class='ocr_line' id='line_1_32' title="bbox 153 1877 2207 1939; baseline -0 -17"><span class='ocrx_word' id='word_1_332' title='bbox 153 1886 326 1939; x_wconf 65' lang='lat' dir='ltr'>Urbsobfi-</span> <span class='ocrx_word' id='word_1_333' title='bbox 365 1882 650 1934; x_wconf 85' lang='lat' dir='ltr'>principatum</span> <span class='ocrx_word' id='word_1_334' title='bbox 668 1879 906 1921; x_wconf 69' lang='lat' dir='ltr'>transmisit.</span> <span class='ocrx_word' id='word_1_335' title='bbox 950 1880 1181 1920; x_wconf 87' lang='lat' dir='ltr'>Ismultum</span> <span class='ocrx_word' id='word_1_336' title='bbox 1200 1879 1403 1930; x_wconf 85' lang='lat' dir='ltr'>potentiae</span> <span class='ocrx_word' id='word_1_337' title='bbox 1417 1878 1485 1918; x_wconf 83' lang='lat' dir='ltr'>fibi</span> <span class='ocrx_word' id='word_1_338' title='bbox 1503 1877 1636 1918; x_wconf 74' lang='lat' dir='ltr'>deesse</span> <span class='ocrx_word' id='word_1_339' title='bbox 1651 1892 1789 1928; x_wconf 88' lang='lat' dir='ltr'>ratus,</span> <span class='ocrx_word' id='word_1_340' title='bbox 1823 1879 1957 1919; x_wconf 78' lang='lat' dir='ltr'>nisiad</span> <span class='ocrx_word' id='word_1_341' title='bbox 1976 1879 2207 1921; x_wconf 82' lang='lat' dir='ltr'>Pontifica-</span> 
     </span>
     <span class='ocr_line' id='line_1_33' title="bbox 150 1933 2205 1988; baseline 0 -14"><span class='ocrx_word' id='word_1_342' title='bbox 150 1937 253 1976; x_wconf 70' lang='lat' dir='ltr'>detur.</span> <span class='ocrx_word' id='word_1_343' title='bbox 368 1948 457 1975; x_wconf 91' lang='lat' dir='ltr'>tum</span> <span class='ocrx_word' id='word_1_344' title='bbox 481 1937 715 1984; x_wconf 86' lang='lat' dir='ltr'>niteretur,</span> <span class='ocrx_word' id='word_1_345' title='bbox 760 1935 960 1984; x_wconf 84' lang='lat' dir='ltr'>Princeps</span> <span class='ocrx_word' id='word_1_346' title='bbox 982 1934 1223 1988; x_wconf 85' lang='lat' dir='ltr'>aliquandiu</span> <span class='ocrx_word' id='word_1_347' title='bbox 1248 1933 1406 1974; x_wconf 84' lang='lat' dir='ltr'>Clerici</span> <span class='ocrx_word' id='word_1_348' title='bbox 1432 1933 1603 1979; x_wconf 82' lang='lat' dir='ltr'>habitu,</span> <span class='ocrx_word' id='word_1_349' title='bbox 1647 1934 1696 1974; x_wconf 85' lang='lat' dir='ltr'>ad</span> <span class='ocrx_word' id='word_1_350' title='bbox 1721 1933 2022 1974; x_wconf 81' lang='lat' dir='ltr'>Pontificatum</span> <span class='ocrx_word' id='word_1_351' title='bbox 2051 1934 2205 1974; x_wconf 86' lang='lat' dir='ltr'>deinde</span> 
     </span>
     <span class='ocr_line' id='line_1_34' title="bbox 150 1987 2204 2052; baseline -0.001 -22"><span class='ocrx_word' id='word_1_352' title='bbox 150 2002 246 2052; x_wconf 55' lang='lat' dir='ltr'>30an,</span> <span class='ocrx_word' id='word_1_353' title='bbox 262 2004 349 2041; x_wconf 60' lang='lat' dir='ltr'>XII,</span> <span class='ocrx_word' id='word_1_354' title='bbox 369 1990 727 2042; x_wconf 63' lang='lat' dir='ltr'>evestusJoannes</span> <span class='ocrx_word' id='word_1_355' title='bbox 748 1991 820 2030; x_wconf 83' lang='lat' dir='ltr'>XI</span> <span class='ocrx_word' id='word_1_356' title='bbox 837 1990 873 2030; x_wconf 89' lang='grc' dir='ltr'>Ι.</span> <span class='ocrx_word' id='word_1_357' title='bbox 898 1988 1113 2029; x_wconf 67' lang='grc' dir='ltr'>όίᾶυςείῖ.</span> <span class='ocrx_word' id='word_1_358' title='bbox 1159 1989 1224 2030; x_wconf 86' lang='lat' dir='ltr'>Sic</span> <span class='ocrx_word' id='word_1_359' title='bbox 1243 1989 1460 2029; x_wconf 82' lang='lat' dir='ltr'>Romanus</span> <span class='ocrx_word' id='word_1_360' title='bbox 1473 1987 1675 2030; x_wconf 78' lang='lat' dir='ltr'>Pontifex</span> <span class='ocrx_word' id='word_1_361' title='bbox 1693 1992 1848 2029; x_wconf 86' lang='lat' dir='ltr'>Arcem</span> <span class='ocrx_word' id='word_1_362' title='bbox 1864 1989 1904 2028; x_wconf 90' lang='lat' dir='ltr'>in</span> <span class='ocrx_word' id='word_1_363' title='bbox 1921 1989 1986 2028; x_wconf 84' lang='lat' dir='ltr'>sua</span> <span class='ocrx_word' id='word_1_364' title='bbox 1997 1989 2204 2041; x_wconf 87' lang='lat' dir='ltr'>potestate</span> 
     </span>
     <span class='ocr_line' id='line_1_35' title="bbox 151 2042 2200 2098; baseline 0 -14"><span class='ocrx_word' id='word_1_365' title='bbox 151 2054 338 2092; x_wconf 63' lang='lat' dir='ltr'>Carclssar.</span> <span class='ocrx_word' id='word_1_366' title='bbox 368 2045 540 2091; x_wconf 65' lang='lat' dir='ltr'>habuit,</span> <span class='ocrx_word' id='word_1_367' title='bbox 575 2058 656 2084; x_wconf 91' lang='lat' dir='ltr'>non</span> <span class='ocrx_word' id='word_1_368' title='bbox 680 2043 848 2085; x_wconf 78' lang='lat' dir='ltr'>aliunde</span> <span class='ocrx_word' id='word_1_369' title='bbox 863 2056 1102 2096; x_wconf 83' lang='lat' dir='ltr'>receptam,</span> <span class='ocrx_word' id='word_1_370' title='bbox 1137 2043 1204 2083; x_wconf 87' lang='lat' dir='ltr'>sed</span> <span class='ocrx_word' id='word_1_371' title='bbox 1221 2043 1444 2098; x_wconf 83' lang='lat' dir='ltr'>quamipse</span> <span class='ocrx_word' id='word_1_372' title='bbox 1458 2042 1507 2083; x_wconf 83' lang='lat' dir='ltr'>ad</span> <span class='ocrx_word' id='word_1_373' title='bbox 1521 2044 1705 2084; x_wconf 89' lang='lat' dir='ltr'>honores</span> <span class='ocrx_word' id='word_1_374' title='bbox 1719 2043 1970 2083; x_wconf 69' lang='lat' dir='ltr'>pontificios</span> <span class='ocrx_word' id='word_1_375' title='bbox 1984 2043 2200 2084; x_wconf 69' lang='lat' dir='ltr'>attulisset.</span> 
     </span>
     <span class='ocr_line' id='line_1_36' title="bbox 151 2096 2205 2152; baseline -0.001 -11"><span class='ocrx_word' id='word_1_376' title='bbox 151 2105 348 2142; x_wconf 72' lang='lat' dir='ltr'>Plat.XIII.</span> <span class='ocrx_word' id='word_1_377' title='bbox 370 2100 464 2139; x_wconf 89' lang='lat' dir='ltr'>Nec</span> <span class='ocrx_word' id='word_1_378' title='bbox 484 2111 626 2140; x_wconf 73' lang='lat' dir='ltr'>tamen</span> <span class='ocrx_word' id='word_1_379' title='bbox 652 2098 723 2138; x_wconf 87' lang='lat' dir='ltr'>diu</span> <span class='ocrx_word' id='word_1_380' title='bbox 750 2098 771 2138; x_wconf 69' lang='lat' dir='ltr'>a</span> <span class='ocrx_word' id='word_1_381' title='bbox 797 2098 1005 2139; x_wconf 85' lang='lat' dir='ltr'>Pontifice</span> <span class='ocrx_word' id='word_1_382' title='bbox 1029 2096 1208 2150; x_wconf 69' lang='lat' dir='ltr'>possessa.</span> <span class='ocrx_word' id='word_1_383' title='bbox 1254 2101 1363 2139; x_wconf 81' lang='lat' dir='ltr'>Nam</span> <span class='ocrx_word' id='word_1_384' title='bbox 1386 2110 1557 2137; x_wconf 78' lang='lat' dir='ltr'>mortuo</span> <span class='ocrx_word' id='word_1_385' title='bbox 1584 2099 1770 2150; x_wconf 73' lang='lat' dir='ltr'>Joanne,</span> <span class='ocrx_word' id='word_1_386' title='bbox 1804 2097 2060 2138; x_wconf 80' lang='lat' dir='ltr'>Pontificum</span> <span class='ocrx_word' id='word_1_387' title='bbox 2078 2097 2205 2152; x_wconf 74' lang='lat' dir='ltr'>longe</span> 
     </span>
     <span class='ocr_line' id='line_1_37' title="bbox 149 2150 2202 2206; baseline 0 -15"><span class='ocrx_word' id='word_1_388' title='bbox 149 2155 327 2206; x_wconf 50' lang='grc' dir='ltr'>ς,Λιιγιοβιῄ</span> <span class='ocrx_word' id='word_1_389' title='bbox 369 2153 627 2194; x_wconf 83' lang='lat' dir='ltr'>Lateranum</span> <span class='ocrx_word' id='word_1_390' title='bbox 649 2153 929 2193; x_wconf 79' lang='lat' dir='ltr'>incolentium</span> <span class='ocrx_word' id='word_1_391' title='bbox 953 2152 1144 2192; x_wconf 89' lang='lat' dir='ltr'>manibus</span> <span class='ocrx_word' id='word_1_392' title='bbox 1168 2166 1334 2193; x_wconf 81' lang='lat' dir='ltr'>extorta</span> <span class='ocrx_word' id='word_1_393' title='bbox 1348 2150 1549 2192; x_wconf 55' lang='lat' dir='ltr'>videtur&amp;</span> <span class='ocrx_word' id='word_1_394' title='bbox 1566 2153 1755 2193; x_wconf 73' lang='lat' dir='ltr'>civibus.</span> <span class='ocrx_word' id='word_1_395' title='bbox 1802 2153 1970 2206; x_wconf 72' lang='lat' dir='ltr'>Quippe</span> <span class='ocrx_word' id='word_1_396' title='bbox 1988 2153 2202 2202; x_wconf 76' lang='lat' dir='ltr'>Romani,</span> 
     </span>
     <span class='ocr_line' id='line_1_38' title="bbox 152 2206 2200 2261; baseline 0 -13"><span class='ocrx_word' id='word_1_397' title='bbox 152 2218 241 2254; x_wconf 78' lang='lat'><em>955-</em></span> <span class='ocrx_word' id='word_1_398' title='bbox 367 2222 461 2248; x_wconf 85' lang='lat' dir='ltr'>cum</span> <span class='ocrx_word' id='word_1_399' title='bbox 484 2208 567 2248; x_wconf 91' lang='lat' dir='ltr'>duo</span> <span class='ocrx_word' id='word_1_400' title='bbox 591 2208 821 2256; x_wconf 77' lang='lat' dir='ltr'>Consules,</span> <span class='ocrx_word' id='word_1_401' title='bbox 855 2206 1105 2256; x_wconf 61' lang='lat' dir='ltr'>Praefectus,</span> <span class='ocrx_word' id='word_1_402' title='bbox 1141 2207 1406 2249; x_wconf 87' lang='lat' dir='ltr'>Decuriones</span> <span class='ocrx_word' id='word_1_403' title='bbox 1434 2206 1455 2247; x_wconf 76' lang='grc' dir='ltr'>ἐ</span> <span class='ocrx_word' id='word_1_404' title='bbox 1481 2206 1604 2258; x_wconf 81' lang='lat' dir='ltr'>plebe</span> <span class='ocrx_word' id='word_1_405' title='bbox 1628 2207 1854 2247; x_wconf 76' lang='lat' dir='ltr'>duodecim</span> <span class='ocrx_word' id='word_1_406' title='bbox 1872 2207 2200 2261; x_wconf 77' lang='lat' dir='ltr'>Rempublicam</span> 
     </span>
     <span class='ocr_line' id='line_1_39' title="bbox 149 2259 2201 2315; baseline 0 -13"><span class='ocrx_word' id='word_1_407' title='bbox 149 2259 243 2297; x_wconf 44' lang='lat' dir='ltr'>‘Arx</span> <span class='ocrx_word' id='word_1_408' title='bbox 255 2259 349 2307; x_wconf 64' lang='lat' dir='ltr'>1&#39;71P0-</span> <span class='ocrx_word' id='word_1_409' title='bbox 364 2276 589 2315; x_wconf 80' lang='lat' dir='ltr'>gererent,</span> <span class='ocrx_word' id='word_1_410' title='bbox 624 2263 831 2315; x_wconf 86' lang='lat' dir='ltr'>Joannem</span> <span class='ocrx_word' id='word_1_411' title='bbox 852 2262 896 2301; x_wconf 75' lang='lat' dir='ltr'>X</span> <span class='ocrx_word' id='word_1_412' title='bbox 912 2264 928 2303; x_wconf 92' lang='grc' dir='ltr'><strong>Ι</strong></span> <span class='ocrx_word' id='word_1_413' title='bbox 946 2264 965 2303; x_wconf 85' lang='grc' dir='ltr'>Ι</span> <span class='ocrx_word' id='word_1_414' title='bbox 983 2264 1013 2303; x_wconf 82' lang='lat' dir='ltr'>I.</span> <span class='ocrx_word' id='word_1_415' title='bbox 1042 2275 1207 2314; x_wconf 85' lang='lat' dir='ltr'>captum</span> <span class='ocrx_word' id='word_1_416' title='bbox 1223 2293 1234 2309; x_wconf 89' lang='lat'>‚</span> <span class='ocrx_word' id='word_1_417' title='bbox 1272 2263 1315 2300; x_wconf 87' lang='lat'>&amp;</span> <span class='ocrx_word' id='word_1_418' title='bbox 1341 2261 1381 2301; x_wconf 88' lang='lat' dir='ltr'>in</span> <span class='ocrx_word' id='word_1_419' title='bbox 1408 2259 1588 2301; x_wconf 81' lang='lat' dir='ltr'>Adriani</span> <span class='ocrx_word' id='word_1_420' title='bbox 1616 2262 1780 2301; x_wconf 81' lang='lat' dir='ltr'>Molem</span> <span class='ocrx_word' id='word_1_421' title='bbox 1803 2261 2071 2314; x_wconf 61' lang='lat' dir='ltr'>perdudium‚</span> <span class='ocrx_word' id='word_1_422' title='bbox 2104 2275 2201 2302; x_wconf 82' lang='lat' dir='ltr'>mox</span> 
     </span>
     <span class='ocr_line' id='line_1_40' title="bbox 143 2306 2199 2368; baseline 0 -11"><span class='ocrx_word' id='word_1_423' title='bbox 143 2306 251 2356; x_wconf 63' lang='lat' dir='ltr'>testate</span> <span class='ocrx_word' id='word_1_424' title='bbox 266 2310 347 2344; x_wconf 78' lang='lat' dir='ltr'>Pon·</span> <span class='ocrx_word' id='word_1_425' title='bbox 364 2330 507 2357; x_wconf 84' lang='lat' dir='ltr'>tamen</span> <span class='ocrx_word' id='word_1_426' title='bbox 531 2330 645 2357; x_wconf 83' lang='lat' dir='ltr'>metu</span> <span class='ocrx_word' id='word_1_427' title='bbox 661 2316 890 2356; x_wconf 67' lang='lat' dir='ltr'>Caesarisin</span> <span class='ocrx_word' id='word_1_428' title='bbox 906 2316 1182 2368; x_wconf 82' lang='lat' dir='ltr'>Campaniam</span> <span class='ocrx_word' id='word_1_429' title='bbox 1199 2316 1461 2356; x_wconf 85' lang='lat' dir='ltr'>dimiserunt.</span> <span class='ocrx_word' id='word_1_430' title='bbox 1503 2314 1549 2354; x_wconf 85' lang='lat' dir='ltr'>In</span> <span class='ocrx_word' id='word_1_431' title='bbox 1568 2317 1760 2356; x_wconf 78' lang='lat' dir='ltr'>eamdem</span> <span class='ocrx_word' id='word_1_432' title='bbox 1777 2316 2028 2356; x_wconf 65' lang='lat' dir='ltr'>Benedictus</span> <span class='ocrx_word' id='word_1_433' title='bbox 2055 2318 2094 2356; x_wconf 89' lang='lat' dir='ltr'>V</span> <span class='ocrx_word' id='word_1_434' title='bbox 2110 2318 2145 2357; x_wconf 90' lang='grc' dir='ltr'>Ι.</span> <span class='ocrx_word' id='word_1_435' title='bbox 2173 2316 2199 2357; x_wconf 75' lang='grc' dir='ltr'>ὲ</span> 
     </span>
    </p>
   </div>
   <div class='ocr_carea' id='block_1_5' title="bbox 146 2357 2202 2533">
    <p class='ocr_par' dir='ltr' id='par_1_10' title="bbox 146 2357 2202 2533">
     <span class='ocr_line' id='line_1_41' title="bbox 146 2357 2202 2422; baseline 0.001 -13"><span class='ocrx_word' id='word_1_436' title='bbox 146 2357 247 2409; x_wconf 57' lang='lat' dir='ltr'>&#39;‘fici&#39;‘-</span> <span class='ocrx_word' id='word_1_437' title='bbox 365 2373 584 2413; x_wconf 85' lang='lat' dir='ltr'>Francone</span> <span class='ocrx_word' id='word_1_438' title='bbox 602 2372 800 2412; x_wconf 65' lang='lat' dir='ltr'>Romano</span> <span class='ocrx_word' id='word_1_439' title='bbox 818 2371 1001 2410; x_wconf 75' lang='lat' dir='ltr'>Ferrutii</span> <span class='ocrx_word' id='word_1_440' title='bbox 1015 2371 1105 2410; x_wconf 83' lang='lat' dir='ltr'>filio</span> <span class='ocrx_word' id='word_1_441' title='bbox 1118 2371 1307 2411; x_wconf 87' lang='lat' dir='ltr'>detrusus</span> <span class='ocrx_word' id='word_1_442' title='bbox 1322 2371 1571 2422; x_wconf 79' lang='lat' dir='ltr'>necatusque</span> <span class='ocrx_word' id='word_1_443' title='bbox 1585 2370 1717 2411; x_wconf 82' lang='lat' dir='ltr'>est.Et</span> <span class='ocrx_word' id='word_1_444' title='bbox 1733 2371 1804 2411; x_wconf 90' lang='lat' dir='ltr'>ille</span> <span class='ocrx_word' id='word_1_445' title='bbox 1821 2371 2024 2421; x_wconf 83' lang='lat' dir='ltr'>parricida</span> <span class='ocrx_word' id='word_1_446' title='bbox 2040 2370 2202 2411; x_wconf 71' lang='lat' dir='ltr'>assene-</span> 
     </span>
     <span class='ocr_line' id='line_1_42' title="bbox 146 2424 2198 2478; baseline 0 -13"><span class='ocrx_word' id='word_1_447' title='bbox 146 2424 324 2475; x_wconf 46' lang='lat' dir='ltr'>finnosal.</span> <span class='ocrx_word' id='word_1_448' title='bbox 360 2426 474 2466; x_wconf 63' lang='lat' dir='ltr'>dic-sio</span> <span class='ocrx_word' id='word_1_449' title='bbox 503 2428 627 2468; x_wconf 87' lang='lat' dir='ltr'>VII.</span> <span class='ocrx_word' id='word_1_450' title='bbox 660 2425 779 2468; x_wconf 82' lang='lat' dir='ltr'>Urbe</span> <span class='ocrx_word' id='word_1_451' title='bbox 795 2425 955 2476; x_wconf 85' lang='lat' dir='ltr'>pulsus,</span> <span class='ocrx_word' id='word_1_452' title='bbox 986 2426 1149 2477; x_wconf 80' lang='lat' dir='ltr'>aliquot</span> <span class='ocrx_word' id='word_1_453' title='bbox 1163 2425 1248 2477; x_wconf 88' lang='lat' dir='ltr'>post</span> <span class='ocrx_word' id='word_1_454' title='bbox 1261 2439 1418 2471; x_wconf 88' lang='lat' dir='ltr'>annos,</span> <span class='ocrx_word' id='word_1_455' title='bbox 1453 2425 1679 2473; x_wconf 83' lang='lat' dir='ltr'>Bizantio,</span> <span class='ocrx_word' id='word_1_456' title='bbox 1709 2426 1793 2478; x_wconf 74' lang='lat' dir='ltr'>quo</span> <span class='ocrx_word' id='word_1_457' title='bbox 1807 2426 1898 2465; x_wconf 88' lang='lat' dir='ltr'>exul</span> <span class='ocrx_word' id='word_1_458' title='bbox 1912 2426 2102 2475; x_wconf 84' lang='lat' dir='ltr'>abierat,</span> <span class='ocrx_word' id='word_1_459' title='bbox 2135 2439 2198 2465; x_wconf 84' lang='lat' dir='ltr'>re·</span> 
     </span>
     <span class='ocr_line' id='line_1_43' title="bbox 150 2479 2195 2533; baseline -0.001 -11"><span class='ocrx_word' id='word_1_460' title='bbox 150 2488 241 2523; x_wconf 80' lang='lat'><strong>974·</strong></span> <span class='ocrx_word' id='word_1_461' title='bbox 356 2483 522 2529; x_wconf 88' lang='lat' dir='ltr'>versus,</span> <span class='ocrx_word' id='word_1_462' title='bbox 571 2482 774 2533; x_wconf 67' lang='lat' dir='ltr'>loannem</span> <span class='ocrx_word' id='word_1_463' title='bbox 804 2480 950 2521; x_wconf 66' lang='lat' dir='ltr'>xiv.</span> <span class='ocrx_word' id='word_1_464' title='bbox 988 2479 1205 2521; x_wconf 64' lang='lat' dir='ltr'>Benedicti</span> <span class='ocrx_word' id='word_1_465' title='bbox 1238 2480 1504 2520; x_wconf 75' lang='lat' dir='ltr'>successorem</span> <span class='ocrx_word' id='word_1_466' title='bbox 1535 2480 1578 2518; x_wconf 90' lang='lat' dir='ltr'>in</span> <span class='ocrx_word' id='word_1_467' title='bbox 1604 2480 1750 2520; x_wconf 87' lang='lat' dir='ltr'>eadem</span> <span class='ocrx_word' id='word_1_468' title='bbox 1776 2481 1891 2521; x_wconf 82' lang='lat' dir='ltr'>Arce</span> <span class='ocrx_word' id='word_1_469' title='bbox 1914 2511 1927 2529; x_wconf 92' lang='lat'>,</span> <span class='ocrx_word' id='word_1_470' title='bbox 1971 2493 2093 2532; x_wconf 86' lang='lat' dir='ltr'>quam</span> <span class='ocrx_word' id='word_1_471' title='bbox 2117 2483 2195 2519; x_wconf 77' lang='lat' dir='ltr'>suae</span> 
     </span>
    </p>
   </div>
   <div class='ocr_carea' id='block_1_6' title="bbox 137 2524 2203 3014">
    <p class='ocr_par' dir='ltr' id='par_1_11' title="bbox 147 2524 2200 2631">
     <span class='ocr_line' id='line_1_44' title="bbox 147 2524 2200 2588; baseline -0 -12"><span class='ocrx_word' id='word_1_472' title='bbox 147 2524 325 2577; x_wconf 47' lang='lat' dir='ltr'>‘Annofizh</span> <span class='ocrx_word' id='word_1_473' title='bbox 359 2530 693 2575; x_wconf 68' lang='lat' dir='ltr'>faffionislicarii</span> <span class='ocrx_word' id='word_1_474' title='bbox 711 2534 989 2586; x_wconf 79' lang='lat' dir='ltr'>detinebant,</span> <span class='ocrx_word' id='word_1_475' title='bbox 1015 2534 1216 2575; x_wconf 82' lang='lat' dir='ltr'>inclusum</span> <span class='ocrx_word' id='word_1_476' title='bbox 1232 2534 1468 2575; x_wconf 84' lang='lat' dir='ltr'>interfecit.</span> <span class='ocrx_word' id='word_1_477' title='bbox 1504 2534 1629 2575; x_wconf 88' lang='lat' dir='ltr'>Adeo</span> <span class='ocrx_word' id='word_1_478' title='bbox 1643 2534 1771 2588; x_wconf 84' lang='lat' dir='ltr'>perid</span> <span class='ocrx_word' id='word_1_479' title='bbox 1787 2548 1950 2588; x_wconf 83' lang='lat' dir='ltr'>tempus</span> <span class='ocrx_word' id='word_1_480' title='bbox 1964 2534 2042 2575; x_wconf 84' lang='lat' dir='ltr'>seri</span> <span class='ocrx_word' id='word_1_481' title='bbox 2060 2547 2200 2575; x_wconf 82' lang='lat' dir='ltr'>mores</span> 
     </span>
     <span class='ocr_line' id='line_1_45' title="bbox 150 2582 864 2631; baseline -0.004 1"><span class='ocrx_word' id='word_1_482' title='bbox 150 2582 241 2624; x_wconf 83' lang='lat'>985.</span> <span class='ocrx_word' id='word_1_483' title='bbox 359 2590 864 2631; x_wconf 81' lang='lat' dir='ltr'>aescelerainvaluerant.</span> 
     </span>
    </p>

    <p class='ocr_par' dir='ltr' id='par_1_12' title="bbox 137 2643 2203 3014">
     <span class='ocr_line' id='line_1_46' title="bbox 145 2643 2199 2700; baseline -0.001 -15"><span class='ocrx_word' id='word_1_484' title='bbox 145 2648 323 2700; x_wconf 62' lang='lat' dir='ltr'>0An›zosszl.</span> <span class='ocrx_word' id='word_1_485' title='bbox 415 2644 609 2685; x_wconf 79' lang='lat' dir='ltr'>Succeffit</span> <span class='ocrx_word' id='word_1_486' title='bbox 644 2643 797 2696; x_wconf 78' lang='lat' dir='ltr'>Joanni</span> <span class='ocrx_word' id='word_1_487' title='bbox 831 2643 1014 2695; x_wconf 81' lang='lat' dir='ltr'>Joannes</span> <span class='ocrx_word' id='word_1_488' title='bbox 1036 2645 1080 2686; x_wconf 77' lang='lat' dir='ltr'>X</span> <span class='ocrx_word' id='word_1_489' title='bbox 1097 2644 1152 2685; x_wconf 81' lang='lat' dir='ltr'>V.</span> <span class='ocrx_word' id='word_1_490' title='bbox 1176 2657 1259 2698; x_wconf 86' lang='lat' dir='ltr'>quo</span> <span class='ocrx_word' id='word_1_491' title='bbox 1285 2643 1497 2685; x_wconf 84' lang='lat' dir='ltr'>Pontisice</span> <span class='ocrx_word' id='word_1_492' title='bbox 1519 2643 1787 2684; x_wconf 78' lang='lat' dir='ltr'>crescentius</span> <span class='ocrx_word' id='word_1_493' title='bbox 1809 2644 2104 2684; x_wconf 85' lang='lat' dir='ltr'>Nomentanus</span> <span class='ocrx_word' id='word_1_494' title='bbox 2125 2656 2199 2696; x_wconf 89' lang='lat' dir='ltr'>per</span> 
     </span>
     <span class='ocr_line' id='line_1_47' title="bbox 144 2698 2198 2751; baseline -0 -11"><span class='ocrx_word' id='word_1_495' title='bbox 144 2705 245 2748; x_wconf 69' lang='lat'>985.</span> <span class='ocrx_word' id='word_1_496' title='bbox 362 2700 542 2750; x_wconf 83' lang='lat' dir='ltr'>speciem</span> <span class='ocrx_word' id='word_1_497' title='bbox 565 2699 709 2739; x_wconf 86' lang='lat' dir='ltr'>tuendi</span> <span class='ocrx_word' id='word_1_498' title='bbox 740 2698 988 2738; x_wconf 87' lang='lat' dir='ltr'>Consulatus</span> <span class='ocrx_word' id='word_1_499' title='bbox 1013 2702 1169 2741; x_wconf 82' lang='lat' dir='ltr'>Arcem</span> <span class='ocrx_word' id='word_1_500' title='bbox 1193 2699 1435 2751; x_wconf 88' lang='lat' dir='ltr'>occupavit.</span> <span class='ocrx_word' id='word_1_501' title='bbox 1479 2698 1642 2739; x_wconf 81' lang='lat' dir='ltr'>Exinde</span> <span class='ocrx_word' id='word_1_502' title='bbox 1669 2698 1817 2750; x_wconf 73' lang='lat' dir='ltr'>Joanni</span> <span class='ocrx_word' id='word_1_503' title='bbox 1841 2698 2090 2737; x_wconf 82' lang='lat' dir='ltr'>formidatus</span> <span class='ocrx_word' id='word_1_504' title='bbox 2103 2711 2198 2739; x_wconf 87' lang='lat' dir='ltr'>cum</span> 
     </span>
     <span class='ocr_line' id='line_1_48' title="bbox 149 2751 2200 2805; baseline 0 -15"><span class='ocrx_word' id='word_1_505' title='bbox 149 2753 348 2799; x_wconf 46' lang='lat' dir='ltr'>asti-xinpo-</span> <span class='ocrx_word' id='word_1_506' title='bbox 364 2766 449 2803; x_wconf 70' lang='lat' dir='ltr'>ejus</span> <span class='ocrx_word' id='word_1_507' title='bbox 471 2753 606 2805; x_wconf 74' lang='lat' dir='ltr'>gratia</span> <span class='ocrx_word' id='word_1_508' title='bbox 630 2753 755 2794; x_wconf 84' lang='lat' dir='ltr'>Otho</span> <span class='ocrx_word' id='word_1_509' title='bbox 782 2751 885 2793; x_wconf 90' lang='lat' dir='ltr'>III.</span> <span class='ocrx_word' id='word_1_510' title='bbox 911 2753 1083 2795; x_wconf 68' lang='lat' dir='ltr'>venisset</span> <span class='ocrx_word' id='word_1_511' title='bbox 1106 2754 1146 2793; x_wconf 90' lang='lat' dir='ltr'>in</span> <span class='ocrx_word' id='word_1_512' title='bbox 1171 2753 1366 2799; x_wconf 82' lang='lat' dir='ltr'>Italiam3</span> <span class='ocrx_word' id='word_1_513' title='bbox 1403 2752 1595 2794; x_wconf 86' lang='lat' dir='ltr'>adversus</span> <span class='ocrx_word' id='word_1_514' title='bbox 1621 2753 1825 2792; x_wconf 77' lang='lat' dir='ltr'>Caesarem</span> <span class='ocrx_word' id='word_1_515' title='bbox 1844 2751 2110 2792; x_wconf 85' lang='lat' dir='ltr'>Crescentius</span> <span class='ocrx_word' id='word_1_516' title='bbox 2133 2753 2200 2791; x_wconf 78' lang='lat' dir='ltr'>sir-</span> 
     </span>
     <span class='ocr_line' id='line_1_49' title="bbox 146 2800 2201 2860; baseline -0.001 -13"><span class='ocrx_word' id='word_1_517' title='bbox 146 2800 250 2859; x_wconf 53' lang='lat' dir='ltr'>ressais</span> <span class='ocrx_word' id='word_1_518' title='bbox 267 2803 348 2838; x_wconf 75' lang='lat' dir='ltr'>Cre·</span> <span class='ocrx_word' id='word_1_519' title='bbox 363 2808 487 2847; x_wconf 81' lang='lat' dir='ltr'>matis</span> <span class='ocrx_word' id='word_1_520' title='bbox 498 2808 711 2848; x_wconf 80' lang='lat' dir='ltr'>moenibus</span> <span class='ocrx_word' id='word_1_521' title='bbox 724 2839 736 2857; x_wconf 91' lang='lat'><em>‚</em></span> <span class='ocrx_word' id='word_1_522' title='bbox 768 2820 891 2860; x_wconf 83' lang='lat' dir='ltr'>atque</span> <span class='ocrx_word' id='word_1_523' title='bbox 904 2807 1038 2860; x_wconf 83' lang='lat' dir='ltr'>porris</span> <span class='ocrx_word' id='word_1_524' title='bbox 1054 2840 1064 2858; x_wconf 92' lang='lat'>,</span> <span class='ocrx_word' id='word_1_525' title='bbox 1089 2809 1254 2849; x_wconf 84' lang='lat' dir='ltr'>Molem</span> <span class='ocrx_word' id='word_1_526' title='bbox 1270 2808 1383 2848; x_wconf 79' lang='lat' dir='ltr'>vallo</span> <span class='ocrx_word' id='word_1_527' title='bbox 1402 2839 1410 2856; x_wconf 88' lang='lat'>,</span> <span class='ocrx_word' id='word_1_528' title='bbox 1439 2811 1482 2849; x_wconf 66' lang='grc' dir='ltr'>δε</span> <span class='ocrx_word' id='word_1_529' title='bbox 1498 2807 1714 2859; x_wconf 73' lang='lat' dir='ltr'>aggeribus</span> <span class='ocrx_word' id='word_1_530' title='bbox 1728 2807 1861 2860; x_wconf 75' lang='lat' dir='ltr'>sepsit,</span> <span class='ocrx_word' id='word_1_531' title='bbox 1884 2807 2079 2846; x_wconf 80' lang='lat' dir='ltr'>stationes</span> <span class='ocrx_word' id='word_1_532' title='bbox 2091 2807 2201 2846; x_wconf 87' lang='lat' dir='ltr'>mili-</span> 
     </span>
     <span class='ocr_line' id='line_1_50' title="bbox 137 2850 2199 2915; baseline 0 -15"><span class='ocrx_word' id='word_1_533' title='bbox 137 2850 257 2903; x_wconf 60' lang='lat' dir='ltr'>fi‘ffl&#39;fl-</span> <span class='ocrx_word' id='word_1_534' title='bbox 364 2873 452 2901; x_wconf 84' lang='lat' dir='ltr'>tum</span> <span class='ocrx_word' id='word_1_535' title='bbox 469 2862 695 2915; x_wconf 82' lang='lat' dir='ltr'>disposuit:</span> <span class='ocrx_word' id='word_1_536' title='bbox 722 2875 847 2914; x_wconf 82' lang='lat' dir='ltr'>atque</span> <span class='ocrx_word' id='word_1_537' title='bbox 863 2863 904 2902; x_wconf 87' lang='lat' dir='ltr'>in</span> <span class='ocrx_word' id='word_1_538' title='bbox 919 2875 980 2908; x_wconf 83' lang='lat' dir='ltr'>ea,</span> <span class='ocrx_word' id='word_1_539' title='bbox 1007 2875 1179 2915; x_wconf 80' lang='lat' dir='ltr'>recepto</span> <span class='ocrx_word' id='word_1_540' title='bbox 1195 2864 1276 2912; x_wconf 80' lang='lat' dir='ltr'>jam</span> <span class='ocrx_word' id='word_1_541' title='bbox 1291 2863 1330 2901; x_wconf 91' lang='lat' dir='ltr'>in</span> <span class='ocrx_word' id='word_1_542' title='bbox 1349 2862 1514 2905; x_wconf 80' lang='lat' dir='ltr'>Urbem</span> <span class='ocrx_word' id='word_1_543' title='bbox 1530 2861 1708 2902; x_wconf 84' lang='lat' dir='ltr'>Othone</span> <span class='ocrx_word' id='word_1_544' title='bbox 1720 2864 1759 2901; x_wconf 88' lang='lat' dir='ltr'>se</span> <span class='ocrx_word' id='word_1_545' title='bbox 1773 2861 1999 2901; x_wconf 78' lang='lat' dir='ltr'>continuit.</span> <span class='ocrx_word' id='word_1_546' title='bbox 2030 2860 2199 2900; x_wconf 80' lang='lat' dir='ltr'>Interea</span> 
     </span>
     <span class='ocr_line' id='line_1_51' title="bbox 148 2913 2201 3010; baseline -0.001 -54"><span class='ocrx_word' id='word_1_547' title='bbox 148 2913 324 2966; x_wconf 57' lang='lat' dir='ltr'>0A2121ofizl.</span> <span class='ocrx_word' id='word_1_548' title='bbox 363 2929 534 2958; x_wconf 80' lang='lat' dir='ltr'>mortuo</span> <span class='ocrx_word' id='word_1_549' title='bbox 560 2918 721 2972; x_wconf 84' lang='lat' dir='ltr'>Joanne</span> <span class='ocrx_word' id='word_1_550' title='bbox 747 2917 976 2975; x_wconf 79' lang='lat' dir='ltr'>Gregorius</span> <span class='ocrx_word' id='word_1_551' title='bbox 991 2917 1044 2959; x_wconf 88' lang='lat' dir='ltr'>V.</span> <span class='ocrx_word' id='word_1_552' title='bbox 1067 2917 1284 2973; x_wconf 81' lang='lat' dir='ltr'>deligitur.</span> <span class='ocrx_word' id='word_1_553' title='bbox 1329 2917 1408 2959; x_wconf 85' lang='lat' dir='ltr'>Cui</span> <span class='ocrx_word' id='word_1_554' title='bbox 1423 2929 1519 2958; x_wconf 78' lang='lat' dir='ltr'>mox</span> <span class='ocrx_word' id='word_1_555' title='bbox 1532 2915 1702 2971; x_wconf 84' lang='lat' dir='ltr'>depulso</span> <span class='ocrx_word' id='word_1_556' title='bbox 1717 2929 1811 2957; x_wconf 88' lang='lat' dir='ltr'>cum</span> <span class='ocrx_word' id='word_1_557' title='bbox 1825 2915 1953 2957; x_wconf 81' lang='lat' dir='ltr'>alium</span> <span class='ocrx_word' id='word_1_558' title='bbox 1967 2928 2040 2969; x_wconf 89' lang='lat' dir='ltr'>per</span> <span class='ocrx_word' id='word_1_559' title='bbox 2056 2915 2201 3010; x_wconf 65' lang='lat' dir='ltr'>Vsmlae</span> 
     </span>
     <span class='ocr_line' id='line_1_52' title="bbox 152 2976 2203 3014; baseline -0.002 0"><span class='ocrx_word' id='word_1_560' title='bbox 152 2976 243 3014; x_wconf 60' lang='lat'>‘29⁶-</span> <span class='ocrx_word' id='word_1_561' title='bbox 2090 2982 2135 3009; x_wconf 87' lang='lat' dir='ltr'>ce</span> <span class='ocrx_word' id='word_1_562' title='bbox 2159 2982 2203 3010; x_wconf 85' lang='lat' dir='ltr'>us</span> 
     </span>
    </p>
   </div>
  </div>
 </body>
</html>
