2251 3283
513 90 835 138 LIBER
904 91 1391 140 TERTIUS.
1773 108 1858 160 253

392 172 472 221 Qua
488 175 605 212 vicina
620 171 706 222 fluit
725 171 882 225 Viplt'mir
897 183 994 226 porta
1015 174 1206 216 columnis,
1868 190 1927 241 ΕΡ,
1945 197 2000 230 16·

447 231 496 266 Ec
513 226 628 265 madet
647 224 776 277 affiduo
794 225 939 265 lubricus
960 225 1069 267 imbre
1086 227 1184 280 lqpts.

37 280 195 337 Quibus
217 278 395 321 versibus
417 294 517 332 puto
543 280 718 320 indicari
743 280 925 320 vicinum
940 279 1104 320 fontem
1127 284 1252 333 Aquae
1268 279 1480 332 Virginis,
1514 293 1600 334 quat·
1618 281 1638 321 ἐ
1653 280 1775 321 duem
1788 294 1854 321 ar-

35 349 186 380 cuato,
218 347 306 374 tum
329 334 489 385 patenti
512 347 706 385 tanquam
728 346 847 384 porta
875 334 895 374 ἐ
919 347 1128 375 marmore
1150 335 1294 376 struc‘ta
1316 334 1616 375 effundebatur.
1661 337 1768 376 Nam
1781 335 1852 374 In-

35 401 241 442 terpretes
262 401 332 429 aut
347 388 452 428 mira
466 419 477 436 ,
509 401 578 428 aut
592 388 696 426 nihil
710 386 878 432 dicunt3
910 400 957 426 ut
969 388 1120 440 aliquis
1134 390 1271 430 nescio
1285 401 1368 441 quo
1382 389 1484 428 saltu
1501 387 1679 440 refugiat
1693 389 1742 428 ad
1757 402 1853 438 por-

35 454 121 483 tam
137 444 348 494 Capenam
367 473 377 490 ,
407 442 567 481 duobus
589 442 759 481 circiter
784 442 1033 481 milliaribus
1047 442 1267 482 distantem
1283 474 1294 491 ,
1327 442 1496 484 assiduus
1508 442 1676 494 quidem
1691 442 1827 482 imber
1842 473 1853 489 ,

36 497 79 536 &
105 499 249 536 sereno
271 496 386 536 coelo
411 495 497 535 fieri
525 509 605 534 non
630 506 822 547 poterat,
856 496 925 534 nili
949 508 994 535 ex
1009 509 1110 548 aqua
1126 496 1296 545 duffiii,
1330 495 1850 547 haecautemcumplenoe

34 550 167 591 fontis
187 561 260 589 ore
286 563 366 589 non
390 562 482 589 tota
504 554 719 595 efflueret,
752 549 880 588 etiam
905 562 951 588 ex
975 550 1065 589 alto
1088 549 1485 602 fiphonibusdivisa,
1518 548 1751 597 defluebat,
1784 550 1854 588 de-

32 604 284 658 pluebatque
307 603 536 656 multiplici
561 602 790 644 stillicidio.
835 603 960 656 Quod
973 605 1258 644 cumhiberno
1272 603 1431 657 frigore
1443 601 1725 656 congelasset,
1756 616 1854 657 pen-

31 658 134 699 dens
145 658 252 698 stiria
264 657 424 698 decidit
1867 684 1964 719 th
2014 684 2051 721 od

395 714 438 749 In
453 710 617 763 jugulum
631 711 751 762 pueri,
779 712 841 762 qui
854 713 1018 764 proxima
1038 712 1186 764 Templa
1197 710 1363 762 fitbibat:
1866 735 1893 769 E
1914 698 1945 768 ἕν’
1969 712 1975 720 '
1997 698 2013 720 e
2055 713 2063 722 ⁸

32 766 104 807 An
125 765 263 807 AEdem
280 766 467 817 Neptuni
491 764 695 817 intelligit
711 795 720 812 ‚
760 776 956 818 aquarum
979 764 1178 817 praesidis:
1225 765 1403 820 ideoque
1421 764 1696 819 propinquam
1723 763 1854 804 fontis
1890 745 1955 784 FQ'

0 823 1 827 ’
32 818 149 874 aquis
172 819 452 873 pluvialibus?
487 819 584 858 Haec
610 818 632 857 a
655 830 722 857 me
746 818 1027 871 probabiliter
1045 820 1209 870 prolata
1225 821 1341 860 sunt:
1377 821 1585 859 Caeterum
1599 818 1854 859 constantius

33 873 233 925 refragari
259 873 393 913 audeo
415 871 672 917 auctoribus,
704 872 774 925 qui
790 872 902 921 ajunt
922 872 1149 913 Lauretum
1167 905 1177 921 ‚
1209 886 1292 926 quo
1307 887 1354 913 ex
1368 874 1591 913 coenaculo
1607 871 1854 925 domusipe-

33 927 170 968 stabat
190 927 401 968 Martialis
417 958 426 972 ,
460 939 542 965 non
559 926 741 966 Porticui
760 927 965 977 Vipsaniae
982 928 1318 978 Argonautarum
1335 959 1347 975 ‚
1378 927 1445 966 sed
1463 927 1637 967 Panthei
1660 927 1853 979 Agrippae

29 982 204 1022 adfitam
225 978 355 1022 fuifl‘e.
400 982 561 1022 Domus
573 980 685 1019 enim
706 981 917 1021 Martialis
934 981 1166 1021 Hortorum
1182 981 1466 1021 intercollem
1482 1012 1495 1029 ,
1529 984 1570 1021 &
1588 981 1853 1033 Quirinalem

28 1036 159 1088 pofita
194 1035 290 1088 (qui
317 1036 430 1074 locus
451 1047 495 1074 ut
508 1034 591 1073 dixi
605 1033 655 1074 ad
670 1047 794 1088 caput
808 1035 1031 1074 domorum
1045 1034 1224 1080 dicitur)
1263 1035 1525 1089 prospeiium
1539 1035 1683 1075 habuit
1700 1034 1740 1073 it:
1755 1035 1857 1074 vici-

33 1103 130 1131 nam
145 1089 360 1130 Porticum
378 1091 716 1140 Argonautarum
733 1119 744 1136 ‚
775 1087 826 1128 ad
850 1088 1016 1129 fontem
1033 1088 1161 1141 Aquae
1178 1089 1365 1140 Virginis
1381 1121 1392 1137 ‚
1426 1089 1469 1127 &
1495 1089 1684 1129 Porticus
1699 1088 1855 1128 Laure—

33 1155 148 1185 tum:
180 1143 221 1183 in
235 1143 450 1184 Porticum
465 1155 606 1182 autem
623 1142 799 1182 Panthei
816 1155 898 1182 non
913 1143 1017 1183 item
1035 1173 1046 1190 ,
1078 1155 1199 1182 tanto
1214 1143 1441 1183 intervallo
1453 1142 1675 1194 sejunstam
1691 1173 1701 1190 ,
1737 1145 1779 1184 Sc
1793 1143 1856 1182 in-

30 1197 238 1250 terpofitis
262 1195 509 1237 aedificiisab
525 1197 684 1248 aspectu
698 1198 948 1238 submotam.
992 1198 1143 1250 Neque
1159 1197 1216 1237 ibi
1231 1195 1346 1238 fuisse
1360 1198 1497 1238 lauros
1508 1197 1720 1249 quisquam
1736 1209 1854 1237 vete-

30 1265 120 1293 rum
136 1250 302 1303 scripsit.
346 1253 445 1302 Quae
459 1249 576 1290 {itum
590 1251 737 1290 domus
752 1252 964 1292 Martialis
979 1283 991 1300 ‚
1021 1252 1082 1291 uti
1097 1253 1212 1304 supra
1227 1250 1431 1297 diximus,
1465 1250 1731 1291 confirmant.
1869 1258 1948 1306 Cap.
1967 1272 2024 1308 15.

88 1306 316 1357 Templum
341 1306 360 1345 I
376 1305 400 1344 S
418 1306 488 1346 ID
505 1305 524 1344 Ι
539 1305 564 1344 S
590 1305 834 1353 percelebre
854 1307 1136 1360 propinquum
1152 1305 1339 1347 Porticui
1355 1305 1561 1359 Vipsaniae‘
1575 1305 1656 1346 fuit
1672 1320 1682 1346 :
1717 1305 1771 1346 Et
1788 1306 1855 1360 Ju-
1867 1321 1943 1370 Juv-
1957 1325 2064 1363 Sat,6.

32 1357 720 1413 venalispropeSeptaconstituit‚
752 1361 905 1400 utalibi
921 1361 1122 1406 diximus,
1153 1358 1298 1399 JnAEde
1865 1373 2006 1409 Porticus

390 1416 407 1451 1
410 1412 491 1460 fidu
501 1435 514 1453 ,
541 1415 684 1465 antiquo
703 1425 777 1465 quae
795 1417 959 1466 proxima
970 1413 1086 1467 fingit
1107 1414 1217 1453 Ovili.
1867 1423 2014 1475 Pompeji.

31 1467 105 1509 Ab
128 1467 208 1508 hoc
223 1467 409 1517 Templo
432 1465 484 1506 ad
510 1468 550 1508 H
568 1466 601 1507 E
616 1468 650 1509 C
666 1468 703 1507 A
719 1468 757 1507 T
772 1470 813 1508 O
830 1471 868 1510 N
884 1469 909 1509 S
926 1469 965 1509 T
982 1471 1018 1511 Y
1035 1469 1070 1508 L
1086 1470 1127 1510 O
1146 1470 1186 1510 N
1199 1499 1212 1517 ,
1253 1479 1299 1507 ut
1325 1467 1459 1509 Selius
1482 1467 1555 1509 ille
1568 1499 1582 1519 ,
1614 1467 1853 1519 transimus,

30 1535 120 1577 quae
132 1522 322 1563 Porticus
335 1552 348 1571 ,
379 1533 425 1561 ut
442 1534 595 1561 nomen
611 1522 751 1567 sonat,
784 1534 953 1563 centum
966 1524 1256 1563 columnarum
1273 1534 1388 1563 erat:
1869 1541 2039 1591 Epi-gfff,
2060 1564 2068 1585 1

392 1573 476 1614 Inde
491 1577 578 1628 petit
598 1586 733 1614 centum
747 1575 931 1629 pendentia
951 1578 1036 1615 teila
1053 1578 1232 1616 columnis.
1867 1589 1920 1626 lib,
1939 1605 1972 1628 Ζ,

33 1630 135 1687 Haec
148 1629 201 1670 est
225 1629 253 1671 P
270 1631 311 1671 O
328 1630 376 1670 M
393 1630 420 1670 P
438 1628 472 1669 E
489 1630 510 1681 J
530 1632 566 1669 A
601 1631 629 1670 P
647 1631 688 1670 O
704 1629 744 1669 R
761 1630 800 1670 T
814 1631 834 1671 Ι
849 1632 885 1672 C
901 1631 946 1673 U
960 1631 985 1671 S
1016 1632 1173 1684 magnis
1185 1630 1453 1683 antiquorum
1466 1629 1656 1671 laudibus
1668 1630 1854 1672 celebra-

31 1696 104 1724 ta:
138 1696 262 1736 atque
277 1696 321 1723 ut
333 1683 441 1724 buxo
453 1684 646 1725 Porticus
659 1683 836 1736 Europae
851 1716 864 1734 ,
895 1686 1015 1725 lauro
1029 1685 1229 1738 Vipsania
1242 1715 1256 1735 ,
1287 1685 1376 1726 vite
1390 1684 1514 1726 Livia
1526 1715 1539 1734 ,
1571 1697 1615 1725 ut
1627 1686 1743 1739 supra
1753 1686 1858 1727 dixi-

29 1750 148 1779 musz
182 1738 458 1792 haecplatanis
472 1738 732 1790 cingebatur.
774 1739 1046 1793 Propertius:
1869 1748 2063 1798 Prop.lib.2.

392 1793 534 1832 Scilicet
551 1790 714 1841 umbrosis·
723 1790 836 1842 findet
857 1794 1022 1847 Pompeja
1040 1793 1206 1832 columnis
1870 1800 1956 1850 Eleg.
1974 1813 2032 1848 32.

448 1848 598 1885 Porticus
615 1846 734 1885 aulaeis
750 1846 871 1886 nobilis
892 1849 1067 1886 Attalicis.

389 1903 436 1940 Et
454 1899 566 1939 creber
584 1904 717 1954 pariter
733 1901 888 1953 platanis
898 1900 1114 1956 surgentibus
1138 1902 1214 1941 ordo
1228 1926 1240 1944 2

446 1954 615 1993 flumina
623 1952 735 2008 sopito
755 1967 896 2009 quaeque
915 1960 1066 1996 Marone
1087 1955 1227 1995 cadunt.

31 2009 96 2050 At
113 2008 247 2051 Mart.
1866 2020 1939 2056 Lib.
1957 2036 1989 2070 3·

394 2065 566 2103 Proxima
585 2063 732 2101 centenis
750 2061 937 2115 ostenditur
954 2063 1048 2114 Ursa
1069 2064 1262 2106 columnis,
1866 2074 1926 2122 Ep.
1948 2085 2005 2119 ιε).

443 2120 626 2158 Exornant
648 2117 731 2167 ficiae
749 2116 817 2169 qud
838 2118 1030 2156 Platanona
1039 2119 1136 2167 ferae.

32 2172 90 2213 Et
111 2184 211 2213 vero
226 2172 415 2226 platanus
426 2184 600 2225 procera
612 2171 759 2216 arbor,
795 2171 838 2210 δε
853 2171 968 2212 foliis
983 2202 993 2219 ,
1027 2172 1230 2225 ramisque
1245 2171 1383 2213 diffusa
1397 2184 1571 2225 opacare
1585 2183 1753 2225 poterat
1768 2186 1852 2214 non

30 2227 161 2267 rnodo
184 2227 313 2278 spatia
336 2228 582 2267 Porticuum
598 2256 609 2273 ,
640 2224 708 2265 sed
727 2225 904 2278 ipsarum
930 2227 1058 2266 etiam
1084 2228 1296 2279 praecelsas
1319 2227 1560 2275 columnas,
1602 2240 1646 2266 ut
1669 2227 1855 2281 loquitur

29 2281 288 2333 Propertius.
339 2279 588 2321 centenaria
612 2278 740 2330 igitur
764 2280 954 2324 Porticus
976 2283 1029 2320 est
1044 2282 1312 2333 Pompeiana.
1358 2281 1490 2335 quue
1513 2281 1738 2321 confirmat
1760 2295 1857 2334 pro-

27 2335 238 2388 pinquitas
261 2334 443 2376 Theatri
470 2333 734 2385 Pompeiani.
788 2337 951 2387 Quare,
993 2349 1087 2375 cum
1113 2335 1261 2376 arsisset
1285 2335 1520 2377 Theatrum
1542 2337 1610 2375 sub
1626 2335 1852 2389 Philippo,

26 2390 221 2431 Porticus
254 2401 417 2442 quoque
450 2389 547 2442 igne
579 2400 770 2440 correpta
794 2418 806 2437 ,
851 2391 893 2430 Sc
918 2390 1162 2442 consumpta
1187 2390 1254 2430 est.
1318 2389 1522 2431 Eusebius
1544 2390 1586 2429 in
1608 2391 1850 2432 Chronico:

29 2442 225 2482 Theatrum
246 2443 401 2496 Pompeji
420 2440 592 2492 incensum
608 2463 620 2482 ³
660 2440 702 2479 ὼ·
724 2442 998 2494 Hecatonstylon.
1041 2443 1141 2484 Scio
1164 2443 1264 2497 quid
1287 2445 1357 2485 alii
1382 2444 1619 2496 scripserint
1645 2444 1695 2483 de
1721 2445 1856 2486 Heca-

31 2497 239 2548 toustylo;
271 2498 338 2536 sed
358 2497 430 2536 ille
451 2494 691 2550 persuadeat
709 2526 721 2544 ,
753 2497 820 2548 qui
843 2497 1013 2537 solidius
1033 2498 1202 2550 probat.
1246 2505 1451 2539 Caeterum
1475 2511 1648 2550 propter
1670 2499 1860 2549 platane-

29 2562 117 2591 tum
143 2551 246 2590 mira
269 2551 310 2590 in
335 2551 506 2591 Porticu
528 2549 740 2603 opacitas,
781 2552 823 2590 δί
843 2551 1128 2598 inumbratio3
1169 2565 1256 2593 turn
1273 2553 1438 2596 Civium
1466 2552 1571 2593 inibi
1594 2552 1860 2606 spatiantium

31 2605 276 2645 multitudo.
321 2605 531 2646 Ovidius:
1872 2618 1943 2656 Lib.
1964 2620 2068 2657 102⁷?

391 2663 450 2699 Tu
469 2657 567 2698 modo
589 2659 752 2710 Pompeja
772 2659 1048 2712 lencm-spatiare
1057 2659 1125 2711 fich
1146 2659 1294 2704 umbra,
1871 2675 1982 2711 vii-te.

30 2766 67 2809 E
125 2766 199 2809 rb·
448 2716 537 2752 Cum
558 2713 617 2752 Sol
636 2713 800 2751 Herculei
819 2725 913 2767 tergit
935 2717 1063 2753 Leonis
1080 2712 1170 2754 adit.

74 2779 120 2808 [a
143 2781 154 2808 l
187 2780 200 2807 l
218 2782 228 2808 ἲ

392 2822 439 2860 At
458 2820 563 2864 licet,
592 2819 633 2860 ds
646 2819 782 2876 prodest
802 2823 975 2876 Pompam
998 2825 1046 2862 ire
1063 2833 1125 2877 per
1148 2822 1306 2868 umbras,

858 2878 903 2917 11·
940 2889 958 2930 3
1718 2882 1864 2935 {augins
